#RIC,Domain,Date-Time,GMT Offset,Type,Price,Volume,Exch Time,MMT Classification
PRU.L,Market Price,2021-06-07T07:00:09.543387219Z,+1,Trade,1481.5,11379,07:00:09.478177000,1O-------P----
PRU.L,Market Price,2021-06-07T07:00:12.907614797Z,+1,Trade,1477.5,703,07:00:12.859753000,12-------PH---
PRU.L,Market Price,2021-06-07T07:00:12.907614797Z,+1,Trade,1477.5,327,07:00:12.859753000,12-------PH---
PRU.L,Market Price,2021-06-07T07:00:12.907614797Z,+1,Trade,1477.5,650,07:00:12.859753000,12-------PH---
PRU.L,Market Price,2021-06-07T07:00:12.911005247Z,+1,Trade,1478,327,07:00:12.860655000,12-------PH---
PRU.L,Market Price,2021-06-07T07:00:12.911005247Z,+1,Trade,1478,201,07:00:12.860655000,12-------PH---
PRU.L,Market Price,2021-06-07T07:00:12.911005247Z,+1,Trade,1478,144,07:00:12.860661000,12-------PH---
PRU.L,Market Price,2021-06-07T07:00:12.911005247Z,+1,Trade,1478,138,07:00:12.860775000,12-------PH---
PRU.L,Market Price,2021-06-07T07:00:12.911005247Z,+1,Trade,1478.5,327,07:00:12.861051000,12-------PH---
PRU.L,Market Price,2021-06-07T07:00:12.911005247Z,+1,Trade,1478,282,07:00:12.861101000,12-------PH---
PRU.L,Market Price,2021-06-07T07:00:12.955411185Z,+1,Trade,1479.5,100,07:00:12.906790000,12-------PH---
PRU.L,Market Price,2021-06-07T07:00:16.555582712Z,+1,Trade,1481.5,825,07:00:09.478000000,45------MP----
PRU.L,Market Price,2021-06-07T07:00:26.539740972Z,+1,Trade,1478.5,3,07:00:26.488672000,12-------PH---
PRU.L,Market Price,2021-06-07T07:00:26.539740972Z,+1,Trade,1478.5,219,07:00:26.488672000,12-------PH---
PRU.L,Market Price,2021-06-07T07:00:26.539740972Z,+1,Trade,1478,657,07:00:26.489009000,12-------PH---
PRU.L,Market Price,2021-06-07T07:00:26.539740972Z,+1,Trade,1477,719,07:00:26.489792000,12-------PH---
PRU.L,Market Price,2021-06-07T07:00:26.539740972Z,+1,Trade,1477,364,07:00:26.490667000,12-------PH---
PRU.L,Market Price,2021-06-07T07:00:35.199670826Z,+1,Trade,1478.5,208,07:00:35.151575000,12-------PH---
PRU.L,Market Price,2021-06-07T07:00:35.199670826Z,+1,Trade,1479,290,07:00:35.152153000,12-------PH---
PRU.L,Market Price,2021-06-07T07:00:35.199670826Z,+1,Trade,1479,51,07:00:35.152153000,12-------PH---
PRU.L,Market Price,2021-06-07T07:00:35.199670826Z,+1,Trade,1479,68,07:00:35.152162000,12-------PH---
PRU.L,Market Price,2021-06-07T07:00:35.327132307Z,+1,Trade,1479,1,07:00:35.235000000,47------MP----
PRU.L,Market Price,2021-06-07T07:00:35.414927374Z,+1,Trade,1476.7588,44,07:00:33.683000000,45------MP----
PRU.L,Market Price,2021-06-07T07:00:35.538907253Z,+1,Trade,1479,20,07:00:35.236000000,47------MP----
PRU.L,Market Price,2021-06-07T07:00:36.534913899Z,+1,Trade,1477,18,07:00:35.235000000,47------MP----
PRU.L,Market Price,2021-06-07T07:00:44.698918060Z,+1,Trade,1481,11,07:00:44.650858000,12-------PH---
PRU.L,Market Price,2021-06-07T07:00:44.699097367Z,+1,Trade,1481,330,07:00:44.651882000,12-------PH---
PRU.L,Market Price,2021-06-07T07:00:44.699097367Z,+1,Trade,1481,34,07:00:44.652390000,12-------PH---
PRU.L,Market Price,2021-06-07T07:00:47.079470244Z,+1,Trade,1480,214,07:00:47.031335000,12-------PH---
PRU.L,Market Price,2021-06-07T07:00:59.899152044Z,+1,Trade,1480.6035,95,07:00:59.196000000,45------MP----
PRU.L,Market Price,2021-06-07T07:01:01.527106917Z,+1,Trade,1481,192,07:01:01.477371000,12-------PH---
PRU.L,Market Price,2021-06-07T07:01:01.527106917Z,+1,Trade,1481.5,34,07:01:01.477974000,12-------PH---
PRU.L,Market Price,2021-06-07T07:01:01.527106917Z,+1,Trade,1482,759,07:01:01.478123000,12-------PH---
PRU.L,Market Price,2021-06-07T07:01:01.527106917Z,+1,Trade,1482,4241,07:01:01.478239000,12-------PH---
PRU.L,Market Price,2021-06-07T07:01:01.527106917Z,+1,Trade,1481,300,07:01:01.478789000,12-------PH---
PRU.L,Market Price,2021-06-07T07:01:01.527106917Z,+1,Trade,1481,238,07:01:01.478821000,12-------PH---
PRU.L,Market Price,2021-06-07T07:01:01.531099806Z,+1,Trade,1480.5,136,07:01:01.483395000,12-------PH---
PRU.L,Market Price,2021-06-07T07:01:02.798880961Z,+1,Trade,1482,662,07:01:02.751369000,12-------PH---
PRU.L,Market Price,2021-06-07T07:01:02.799400919Z,+1,Trade,1482,1436,07:01:02.751369000,12-------PH---
PRU.L,Market Price,2021-06-07T07:01:02.799400919Z,+1,Trade,1482,238,07:01:02.751369000,12-------PH---
PRU.L,Market Price,2021-06-07T07:01:02.799400919Z,+1,Trade,1482,108,07:01:02.751369000,12-------PH---
PRU.L,Market Price,2021-06-07T07:01:02.799400919Z,+1,Trade,1482,304,07:01:02.751369000,12-------PH---
PRU.L,Market Price,2021-06-07T07:01:02.803389049Z,+1,Trade,1482.5,210,07:01:02.752482000,12-------PH---
PRU.L,Market Price,2021-06-07T07:01:02.803389049Z,+1,Trade,1482.5,284,07:01:02.752482000,12-------PH---
PRU.L,Market Price,2021-06-07T07:01:05.003722151Z,+1,Trade,1482.5,100,07:01:04.954899000,12-------PH---
PRU.L,Market Price,2021-06-07T07:01:05.003722151Z,+1,Trade,1482.5,780,07:01:04.955030000,12-------PH---
PRU.L,Market Price,2021-06-07T07:01:05.003722151Z,+1,Trade,1482.5,160,07:01:04.955431000,12-------PH---
PRU.L,Market Price,2021-06-07T07:01:09.798918806Z,+1,Trade,1482.5,100,07:01:09.651833000,47------MP----
PRU.L,Market Price,2021-06-07T07:01:12.199120413Z,+1,Trade,1482,3,07:01:12.148544000,12-------PH---
PRU.L,Market Price,2021-06-07T07:01:12.199120413Z,+1,Trade,1482,192,07:01:12.148544000,12-------PH---
PRU.L,Market Price,2021-06-07T07:02:00.343605339Z,+1,Trade,1482,260,07:02:00.293668000,12-------PH---
PRU.L,Market Price,2021-06-07T07:02:00.470923866Z,+1,Trade,1481,210,07:02:00.421213000,12-------PH---
PRU.L,Market Price,2021-06-07T07:02:07.751060211Z,+1,Trade,1480,1,07:02:07.011956000,45------MP----
PRU.L,Market Price,2021-06-07T07:02:18.531697520Z,+1,Trade,1481.5,234,07:02:18.481147000,12-------PH---
PRU.L,Market Price,2021-06-07T07:02:18.531697520Z,+1,Trade,1481.5,208,07:02:18.481147000,12-------PH---
PRU.L,Market Price,2021-06-07T07:02:18.531697520Z,+1,Trade,1481,350,07:02:18.481152000,12-------PH---
PRU.L,Market Price,2021-06-07T07:02:18.531697520Z,+1,Trade,1481,350,07:02:18.481453000,12-------PH---
PRU.L,Market Price,2021-06-07T07:02:19.119099718Z,+1,Trade,1480.5,192,07:02:19.069180000,12-------PH---
PRU.L,Market Price,2021-06-07T07:02:19.119099718Z,+1,Trade,1480,213,07:02:19.069704000,12-------PH---
PRU.L,Market Price,2021-06-07T07:02:26.623141413Z,+1,Trade,1480.5,263,07:02:26.576057000,12-------PH---
PRU.L,Market Price,2021-06-07T07:02:50.667496079Z,+1,Trade,1481,213,07:02:50.619709000,12-------PH---
PRU.L,Market Price,2021-06-07T07:02:50.670932386Z,+1,Trade,1481,114,07:02:50.619709000,12-------PH---
PRU.L,Market Price,2021-06-07T07:03:05.183728605Z,+1,Trade,1481,329,07:03:05.134349000,12-------PH---
PRU.L,Market Price,2021-06-07T07:03:13.030930442Z,+1,Trade,1480.5,192,07:03:12.981211000,12-------PH---
PRU.L,Market Price,2021-06-07T07:03:13.031253708Z,+1,Trade,1480.5,247,07:03:12.981211000,12-------PH---
PRU.L,Market Price,2021-06-07T07:03:13.031253708Z,+1,Trade,1480,59,07:03:12.982118000,12-------PH---
PRU.L,Market Price,2021-06-07T07:03:13.726866815Z,+1,Trade,1480.5,191,07:03:13.677959000,12-------PH---
PRU.L,Market Price,2021-06-07T07:03:22.219875258Z,+1,Trade,1480,205,07:03:22.170861000,12-------PH---
PRU.L,Market Price,2021-06-07T07:03:22.219875258Z,+1,Trade,1480,272,07:03:22.171115000,12-------PH---
PRU.L,Market Price,2021-06-07T07:03:22.219875258Z,+1,Trade,1480,2703,07:03:22.171129000,12-------PH---
PRU.L,Market Price,2021-06-07T07:03:22.319436929Z,+1,Trade,1480.5,191,07:03:22.271502000,12-------PH---
PRU.L,Market Price,2021-06-07T07:03:50.543435681Z,+1,Trade,1481.5,192,07:03:50.493698000,12-------PH---
PRU.L,Market Price,2021-06-07T07:03:56.671508991Z,+1,Trade,1481.5,328,07:03:56.622432000,12-------PH---
PRU.L,Market Price,2021-06-07T07:03:56.671508991Z,+1,Trade,1482,63,07:03:56.624031000,12-------PH---
PRU.L,Market Price,2021-06-07T07:04:00.178941424Z,+1,Trade,1482,3,07:04:00.131044000,12-------PH---
PRU.L,Market Price,2021-06-07T07:04:31.187886944Z,+1,Trade,1481,119,07:04:31.137469000,12-------PH---
PRU.L,Market Price,2021-06-07T07:04:41.966934870Z,+1,Trade,1480,251,07:04:41.917343000,12-------PH---
PRU.L,Market Price,2021-06-07T07:04:41.967521606Z,+1,Trade,1480,413,07:04:41.917343000,12-------PH---
PRU.L,Market Price,2021-06-07T07:04:44.923537711Z,+1,Trade,1480,44,07:04:44.876476000,12-------PH---
PRU.L,Market Price,2021-06-07T07:05:02.747233396Z,+1,Trade,1480,119,07:05:02.698660000,12-------PH---
PRU.L,Market Price,2021-06-07T07:05:02.747233396Z,+1,Trade,1480,192,07:05:02.698660000,12-------PH---
PRU.L,Market Price,2021-06-07T07:05:02.747233396Z,+1,Trade,1480,119,07:05:02.698660000,12-------PH---
PRU.L,Market Price,2021-06-07T07:05:03.419269609Z,+1,Trade,14.8,635,07:05:02.704000000,47------MP----
PRU.L,Market Price,2021-06-07T07:05:11.858844103Z,+1,Trade,1481,167,07:05:11.580572000,47------MP----
PRU.L,Market Price,2021-06-07T07:05:28.534941862Z,+1,Trade,1481,113,07:05:28.486903000,12-------PH---
PRU.L,Market Price,2021-06-07T07:05:28.535049488Z,+1,Trade,1481,102,07:05:28.486903000,12-------PH---
PRU.L,Market Price,2021-06-07T07:05:28.535049488Z,+1,Trade,1481,21,07:05:28.486942000,12-------PH---
PRU.L,Market Price,2021-06-07T07:05:28.651433402Z,+1,Trade,1481,224,07:05:28.506940000,47------MP----
PRU.L,Market Price,2021-06-07T07:05:43.947228647Z,+1,Trade,1480.5,336,07:05:43.897672000,12-------PH---
PRU.L,Market Price,2021-06-07T07:05:44.271771822Z,+1,Trade,1480.5,290,07:05:44.224651000,12-------PH---
PRU.L,Market Price,2021-06-07T07:05:57.679871156Z,+1,Trade,1481,291,07:05:57.628497000,12-------PH---
PRU.L,Market Price,2021-06-07T07:05:58.075146848Z,+1,Trade,1481.5,111,07:05:57.650026000,47------MP----
PRU.L,Market Price,2021-06-07T07:06:00.871860435Z,+1,Trade,1481.5,203,07:06:00.823088000,12-------PH---
PRU.L,Market Price,2021-06-07T07:06:27.030964430Z,+1,Trade,1482.9899,20,07:06:26.029000000,45------MP----
PRU.L,Market Price,2021-06-07T07:06:48.799302707Z,+1,Trade,1483,70,07:06:48.751651000,12-------PH---
PRU.L,Market Price,2021-06-07T07:06:58.391187180Z,+1,Trade,1482,119,07:06:58.344605000,12-------PH---
PRU.L,Market Price,2021-06-07T07:06:58.463832024Z,+1,Trade,1481.5,350,07:06:58.414587000,12-------PH---
PRU.L,Market Price,2021-06-07T07:07:03.147275424Z,+1,Trade,1481,59,07:07:03.098536000,12-------PH---
PRU.L,Market Price,2021-06-07T07:07:03.147275424Z,+1,Trade,1481,291,07:07:03.098668000,12-------PH---
PRU.L,Market Price,2021-06-07T07:07:34.587118905Z,+1,Trade,1482,252,07:07:34.536213000,12-------PH---
PRU.L,Market Price,2021-06-07T07:09:31.363109617Z,+1,Trade,1481,0,07:09:31.296000000,47------MP----
PRU.L,Market Price,2021-06-07T07:10:02.803961284Z,+1,Trade,1480,352,07:10:02.753224000,12-------PH---
PRU.L,Market Price,2021-06-07T07:10:02.803961284Z,+1,Trade,1480,332,07:10:02.753224000,12-------PH---
PRU.L,Market Price,2021-06-07T07:10:03.015018358Z,+1,Trade,1479.5,176,07:10:02.966398000,12-------PH---
PRU.L,Market Price,2021-06-07T07:10:09.890980270Z,+1,Trade,1478.5,320,07:10:09.841130000,12-------PH---
PRU.L,Market Price,2021-06-07T07:10:10.003307762Z,+1,Trade,1478.5,49,07:10:09.955431000,12-------PH---
PRU.L,Market Price,2021-06-07T07:10:10.003307762Z,+1,Trade,1479,51,07:10:09.955431000,12-------PH---
PRU.L,Market Price,2021-06-07T07:10:10.006961498Z,+1,Trade,1479,180,07:10:09.955431000,12-------PH---
PRU.L,Market Price,2021-06-07T07:10:23.027027079Z,+1,Trade,1479.5,392,07:10:22.978394000,12-------PH---
PRU.L,Market Price,2021-06-07T07:10:53.951257072Z,+1,Trade,1479,192,07:10:53.900461000,12-------PH---
PRU.L,Market Price,2021-06-07T07:11:38.131147947Z,+1,Trade,1479,246,07:11:38.083803000,12-------PH---
PRU.L,Market Price,2021-06-07T07:11:38.135123432Z,+1,Trade,1479,66,07:11:38.083803000,12-------PH---
PRU.L,Market Price,2021-06-07T07:11:38.135123432Z,+1,Trade,1479,72,07:11:38.084005000,12-------PH---
PRU.L,Market Price,2021-06-07T07:11:41.531209163Z,+1,Trade,1479.5,1359,07:11:41.258301000,47------MP----
PRU.L,Market Price,2021-06-07T07:11:57.238893803Z,+1,Trade,1478.5,315,07:11:57.188497000,12-------PH---
PRU.L,Market Price,2021-06-07T07:12:02.451342157Z,+1,Trade,1477.5,350,07:12:02.402585000,12-------PH---
PRU.L,Market Price,2021-06-07T07:12:14.134922970Z,+1,Trade,1478,350,07:12:14.085308000,12-------PH---
PRU.L,Market Price,2021-06-07T07:13:10.603864411Z,+1,Trade,1478.5,350,07:13:10.554907000,12-------PH---
PRU.L,Market Price,2021-06-07T07:13:10.843810294Z,+1,Trade,1478,119,07:13:10.793606000,12-------PH---
PRU.L,Market Price,2021-06-07T07:13:10.843810294Z,+1,Trade,1478,193,07:13:10.793606000,12-------PH---
PRU.L,Market Price,2021-06-07T07:13:11.295825157Z,+1,Trade,1477.5,318,07:13:11.247322000,12-------PH---
PRU.L,Market Price,2021-06-07T07:13:11.295825157Z,+1,Trade,1477.5,350,07:13:11.247322000,12-------PH---
PRU.L,Market Price,2021-06-07T07:13:13.151692237Z,+1,Trade,1477,202,07:13:13.104128000,12-------PH---
PRU.L,Market Price,2021-06-07T07:13:27.995458426Z,+1,Trade,1478,144,07:13:27.945793000,12-------PH---
PRU.L,Market Price,2021-06-07T07:13:56.319115237Z,+1,Trade,1477.5,134,07:13:56.271198000,12-------PH---
PRU.L,Market Price,2021-06-07T07:14:46.559294385Z,+1,Trade,1478,160,07:14:46.512322000,12-------PH---
PRU.L,Market Price,2021-06-07T07:14:59.111166850Z,+1,Trade,1477,274,07:14:59.060873000,12-------PH---
PRU.L,Market Price,2021-06-07T07:15:00.451300409Z,+1,Trade,1476.5,350,07:15:00.403795000,12-------PH---
PRU.L,Market Price,2021-06-07T07:15:05.455282690Z,+1,Trade,1477.5,0,07:15:05.366000000,47------MP----
PRU.L,Market Price,2021-06-07T07:15:12.423657593Z,+1,Trade,1476.5,400,07:15:12.375953000,12-------PH---
PRU.L,Market Price,2021-06-07T07:15:12.511280611Z,+1,Trade,1476.5,136,07:15:12.461046000,12-------PH---
PRU.L,Market Price,2021-06-07T07:15:12.511280611Z,+1,Trade,1476.5,214,07:15:12.461179000,12-------PH---
PRU.L,Market Price,2021-06-07T07:15:12.774916039Z,+1,Trade,1476.5,122,07:15:12.425568000,47------MP----
PRU.L,Market Price,2021-06-07T07:15:13.234851938Z,+1,Trade,1477.5,0,07:15:13.135000000,47------MP----
PRU.L,Market Price,2021-06-07T07:15:18.054885926Z,+1,Trade,1477.5,0,07:15:17.897000000,47------MP----
PRU.L,Market Price,2021-06-07T07:15:36.447090593Z,+1,Trade,1477,148,07:15:36.397438000,12-------PH---
PRU.L,Market Price,2021-06-07T07:15:59.519728483Z,+1,Trade,1475.668,5735,07:15:57.867000000,45------MP----
PRU.L,Market Price,2021-06-07T07:16:11.755134559Z,+1,Trade,1477.5,66,07:16:11.707136000,12-------PH---
PRU.L,Market Price,2021-06-07T07:16:11.755134559Z,+1,Trade,1477.5,50,07:16:11.707270000,12-------PH---
PRU.L,Market Price,2021-06-07T07:16:12.115399671Z,+1,Trade,1477,350,07:16:12.065531000,12-------PH---
PRU.L,Market Price,2021-06-07T07:16:12.115399671Z,+1,Trade,1477,163,07:16:12.065531000,12-------PH---
PRU.L,Market Price,2021-06-07T07:16:12.115399671Z,+1,Trade,1477,318,07:16:12.065531000,12-------PH---
PRU.L,Market Price,2021-06-07T07:16:12.115399671Z,+1,Trade,1477,129,07:16:12.065531000,12-------PH---
PRU.L,Market Price,2021-06-07T07:16:12.198918189Z,+1,Trade,1476,350,07:16:12.151421000,12-------PH---
PRU.L,Market Price,2021-06-07T07:16:12.199042507Z,+1,Trade,1476,123,07:16:12.151421000,12-------PH---
PRU.L,Market Price,2021-06-07T07:16:12.199042507Z,+1,Trade,1476,318,07:16:12.151421000,12-------PH---
PRU.L,Market Price,2021-06-07T07:16:12.230982240Z,+1,Trade,1477,155,07:16:12.140123000,47------MP----
PRU.L,Market Price,2021-06-07T07:16:12.591318751Z,+1,Trade,1477,748,07:16:12.494041000,47------MP----
PRU.L,Market Price,2021-06-07T07:16:20.375164154Z,+1,Trade,1477,350,07:16:20.327965000,12-------PH---
PRU.L,Market Price,2021-06-07T07:17:13.606877622Z,+1,Trade,1478,350,07:17:13.558263000,12-------PH---
PRU.L,Market Price,2021-06-07T07:17:37.271280674Z,+1,Trade,1479,201,07:17:37.220893000,12-------PH---
PRU.L,Market Price,2021-06-07T07:17:37.271280674Z,+1,Trade,1479,149,07:17:37.221031000,12-------PH---
PRU.L,Market Price,2021-06-07T07:17:38.675115510Z,+1,Trade,1479.5,427,07:17:38.226614000,47------MP----
PRU.L,Market Price,2021-06-07T07:19:00.471788744Z,+1,Trade,1480,211,07:19:00.420316000,12-------PH---
PRU.L,Market Price,2021-06-07T07:19:12.571635431Z,+1,Trade,1480,148,07:19:12.524221000,12-------PH---
PRU.L,Market Price,2021-06-07T07:19:12.574880706Z,+1,Trade,1480,11,07:19:12.524870000,12-------PH---
PRU.L,Market Price,2021-06-07T07:19:12.575562126Z,+1,Trade,1480,254,07:19:12.524870000,12-------PH---
PRU.L,Market Price,2021-06-07T07:19:15.151268790Z,+1,Trade,1480,163,07:19:15.101680000,12-------PH---
PRU.L,Market Price,2021-06-07T07:19:37.943163765Z,+1,Trade,1480.5,171,07:19:37.894724000,12-------PH---
PRU.L,Market Price,2021-06-07T07:19:37.943163765Z,+1,Trade,1480.5,30,07:19:37.894724000,12-------PH---
PRU.L,Market Price,2021-06-07T07:19:57.278942905Z,+1,Trade,1479.5,21,07:19:57.230359000,12-------PH---
PRU.L,Market Price,2021-06-07T07:19:57.279176010Z,+1,Trade,1479.5,75,07:19:57.230494000,12-------PH---
PRU.L,Market Price,2021-06-07T07:19:57.279176010Z,+1,Trade,1479.5,207,07:19:57.230494000,12-------PH---
PRU.L,Market Price,2021-06-07T07:19:57.279176010Z,+1,Trade,1479,406,07:19:57.231049000,12-------PH---
PRU.L,Market Price,2021-06-07T07:19:57.279176010Z,+1,Trade,1479,97,07:19:57.231049000,12-------PH---
PRU.L,Market Price,2021-06-07T07:20:05.342898333Z,+1,Trade,1479.5,178,07:20:05.294050000,12-------PH---
PRU.L,Market Price,2021-06-07T07:20:05.342898333Z,+1,Trade,1479.5,165,07:20:05.294050000,12-------PH---
PRU.L,Market Price,2021-06-07T07:20:42.911698228Z,+1,Trade,1480.5,203,07:20:42.860575000,12-------PH---
PRU.L,Market Price,2021-06-07T07:20:42.911698228Z,+1,Trade,1480.5,30,07:20:42.860575000,12-------PH---
PRU.L,Market Price,2021-06-07T07:21:21.187526500Z,+1,Trade,1481,238,07:21:21.138694000,12-------PH---
PRU.L,Market Price,2021-06-07T07:21:42.699150233Z,+1,Trade,1481.5,195,07:21:42.648535000,12-------PH---
PRU.L,Market Price,2021-06-07T07:21:50.347455456Z,+1,Trade,1482,143,07:21:50.298162000,12-------PH---
PRU.L,Market Price,2021-06-07T07:22:37.191628232Z,+1,Trade,1482.5,204,07:22:37.143405000,12-------PH---
PRU.L,Market Price,2021-06-07T07:24:00.431919374Z,+1,Trade,1484.5,350,07:24:00.383944000,12-------PH---
PRU.L,Market Price,2021-06-07T07:25:28.815011532Z,+1,Trade,1487,69,07:25:28.767012000,12-------PH---
PRU.L,Market Price,2021-06-07T07:25:28.819607315Z,+1,Trade,1487,196,07:25:28.767904000,12-------PH---
PRU.L,Market Price,2021-06-07T07:25:29.158905847Z,+1,Trade,1486,196,07:25:29.112579000,12-------PH---
PRU.L,Market Price,2021-06-07T07:25:29.163062325Z,+1,Trade,1486,181,07:25:29.112579000,12-------PH---
PRU.L,Market Price,2021-06-07T07:25:29.603129074Z,+1,Trade,1486,293,07:25:29.116582000,47------MP----
PRU.L,Market Price,2021-06-07T07:25:37.863835786Z,+1,Trade,1485.5,171,07:25:37.815138000,12-------PH---
PRU.L,Market Price,2021-06-07T07:25:46.083728451Z,+1,Trade,1485.5,350,07:25:46.033560000,12-------PH---
PRU.L,Market Price,2021-06-07T07:25:55.323140446Z,+1,Trade,1486,350,07:25:55.273991000,12-------PH---
PRU.L,Market Price,2021-06-07T07:25:55.323140446Z,+1,Trade,1486,259,07:25:55.273991000,12-------PH---
PRU.L,Market Price,2021-06-07T07:25:55.323140446Z,+1,Trade,1486,22,07:25:55.273991000,12-------PH---
PRU.L,Market Price,2021-06-07T07:25:55.327162776Z,+1,Trade,1486.5,212,07:25:55.280083000,12-------PH---
PRU.L,Market Price,2021-06-07T07:25:55.327162776Z,+1,Trade,1486.5,350,07:25:55.280083000,12-------PH---
PRU.L,Market Price,2021-06-07T07:26:03.475328569Z,+1,Trade,1486,298,07:26:03.426089000,12-------PH---
PRU.L,Market Price,2021-06-07T07:26:33.007657139Z,+1,Trade,1487,223,07:26:32.957335000,12-------PH---
PRU.L,Market Price,2021-06-07T07:26:33.019562949Z,+1,Trade,1487,81,07:26:32.968574000,12-------PH---
PRU.L,Market Price,2021-06-07T07:26:52.291860740Z,+1,Trade,1487.5,350,07:26:52.243590000,12-------PH---
PRU.L,Market Price,2021-06-07T07:26:52.291860740Z,+1,Trade,1487.5,205,07:26:52.243590000,12-------PH---
PRU.L,Market Price,2021-06-07T07:27:00.834936277Z,+1,Trade,1487.5,211,07:27:00.785430000,12-------PH---
PRU.L,Market Price,2021-06-07T07:28:03.675235554Z,+1,Trade,1488.5,61,07:28:03.627584000,12-------PH---
PRU.L,Market Price,2021-06-07T07:28:22.327316364Z,+1,Trade,1489,360,07:28:22.278827000,12-------PH---
PRU.L,Market Price,2021-06-07T07:28:22.335265906Z,+1,Trade,1489,192,07:28:22.287575000,12-------PH---
PRU.L,Market Price,2021-06-07T07:28:50.979467019Z,+1,Trade,1489,183,07:28:50.931249000,12-------PH---
PRU.L,Market Price,2021-06-07T07:29:19.583729128Z,+1,Trade,1490,350,07:29:19.536095000,12-------PH---
PRU.L,Market Price,2021-06-07T07:29:42.899341924Z,+1,Trade,1489.5,95,07:29:42.850491000,12-------PH---
PRU.L,Market Price,2021-06-07T07:29:42.899341924Z,+1,Trade,1489.5,68,07:29:42.850491000,12-------PH---
PRU.L,Market Price,2021-06-07T07:29:47.491166451Z,+1,Trade,1489,79,07:29:47.440842000,12-------PH---
PRU.L,Market Price,2021-06-07T07:30:04.023517913Z,+1,Trade,1489.5,38,07:30:03.971494000,12-------PH---
PRU.L,Market Price,2021-06-07T07:30:04.023517913Z,+1,Trade,1489.5,208,07:30:03.971573000,12-------PH---
PRU.L,Market Price,2021-06-07T07:30:04.023517913Z,+1,Trade,1489.5,148,07:30:03.971573000,12-------PH---
PRU.L,Market Price,2021-06-07T07:30:11.351341236Z,+1,Trade,1489,240,07:30:11.301964000,12-------PH---
PRU.L,Market Price,2021-06-07T07:30:11.755579998Z,+1,Trade,1490,0,07:30:11.459000000,47------MP----
PRU.L,Market Price,2021-06-07T07:30:49.383202409Z,+1,Trade,1489,230,07:30:49.333666000,12-------PH---
PRU.L,Market Price,2021-06-07T07:30:53.619603675Z,+1,Trade,1488.5,195,07:30:53.571325000,12-------PH---
PRU.L,Market Price,2021-06-07T07:31:05.943452440Z,+1,Trade,1489,41,07:31:05.862134000,45-1----MP----
PRU.L,Market Price,2021-06-07T07:31:09.579476650Z,+1,Trade,1488.5,196,07:31:09.531649000,12-------PH---
PRU.L,Market Price,2021-06-07T07:31:20.159039342Z,+1,Trade,1488.99,302,07:31:19.555000000,45------MP----
PRU.L,Market Price,2021-06-07T07:31:37.587435361Z,+1,Trade,1488.5,33,07:31:37.538785000,12-------PH---
PRU.L,Market Price,2021-06-07T07:31:42.803525580Z,+1,Trade,1488.5,350,07:31:42.755740000,12-------PH---
PRU.L,Market Price,2021-06-07T07:31:42.803525580Z,+1,Trade,1488.5,260,07:31:42.755740000,12-------PH---
PRU.L,Market Price,2021-06-07T07:31:42.803525580Z,+1,Trade,1488.5,111,07:31:42.755740000,12-------PH---
PRU.L,Market Price,2021-06-07T07:32:00.975752874Z,+1,Trade,1489,214,07:32:00.925169000,12-------PH---
PRU.L,Market Price,2021-06-07T07:32:00.975752874Z,+1,Trade,1489,73,07:32:00.925169000,12-------PH---
PRU.L,Market Price,2021-06-07T07:32:00.975752874Z,+1,Trade,1489.5,350,07:32:00.925741000,12-------PH---
PRU.L,Market Price,2021-06-07T07:32:00.975752874Z,+1,Trade,1489.5,104,07:32:00.925741000,12-------PH---
PRU.L,Market Price,2021-06-07T07:32:02.263122641Z,+1,Trade,1488.5,350,07:32:02.214723000,12-------PH---
PRU.L,Market Price,2021-06-07T07:32:02.263122641Z,+1,Trade,1488.5,163,07:32:02.214723000,12-------PH---
PRU.L,Market Price,2021-06-07T07:32:13.739597969Z,+1,Trade,1489.01,67,07:32:12.516000000,45------MP----
PRU.L,Market Price,2021-06-07T07:32:29.523257994Z,+1,Trade,1489.5,0,07:32:29.455000000,47------MP----
PRU.L,Market Price,2021-06-07T07:32:48.731876500Z,+1,Trade,1488.5,350,07:32:48.683958000,12-------PH---
PRU.L,Market Price,2021-06-07T07:32:48.735119847Z,+1,Trade,1488.5,237,07:32:48.684323000,12-------PH---
PRU.L,Market Price,2021-06-07T07:32:48.735119847Z,+1,Trade,1488.5,209,07:32:48.684580000,12-------PH---
PRU.L,Market Price,2021-06-07T07:32:48.735119847Z,+1,Trade,1488.5,28,07:32:48.684580000,12-------PH---
PRU.L,Market Price,2021-06-07T07:33:14.275630541Z,+1,Trade,1489.5,194,07:33:14.226780000,12-------PH---
PRU.L,Market Price,2021-06-07T07:33:14.275630541Z,+1,Trade,1489.5,29,07:33:14.226780000,12-------PH---
PRU.L,Market Price,2021-06-07T07:33:14.279636451Z,+1,Trade,1490,350,07:33:14.231004000,12-------PH---
PRU.L,Market Price,2021-06-07T07:33:16.710916969Z,+1,Trade,1489.5,350,07:33:16.663907000,12-------PH---
PRU.L,Market Price,2021-06-07T07:33:46.927197269Z,+1,Trade,1489.5,1,07:33:46.878454000,12-------PH---
PRU.L,Market Price,2021-06-07T07:33:46.927197269Z,+1,Trade,1489.5,238,07:33:46.878454000,12-------PH---
PRU.L,Market Price,2021-06-07T07:33:46.927197269Z,+1,Trade,1489.5,232,07:33:46.878454000,12-------PH---
PRU.L,Market Price,2021-06-07T07:33:50.263032530Z,+1,Trade,1488.5,319,07:33:50.212494000,12-------PH---
PRU.L,Market Price,2021-06-07T07:33:50.263032530Z,+1,Trade,1488.5,350,07:33:50.212494000,12-------PH---
PRU.L,Market Price,2021-06-07T07:33:50.263032530Z,+1,Trade,1488,309,07:33:50.212494000,12-------PH---
PRU.L,Market Price,2021-06-07T07:33:50.263032530Z,+1,Trade,1488,138,07:33:50.212494000,12-------PH---
PRU.L,Market Price,2021-06-07T07:33:50.263032530Z,+1,Trade,1488,82,07:33:50.212494000,12-------PH---
PRU.L,Market Price,2021-06-07T07:33:50.263032530Z,+1,Trade,1488,650,07:33:50.212494000,12-------PH---
PRU.L,Market Price,2021-06-07T07:33:50.263032530Z,+1,Trade,1488,252,07:33:50.212494000,12-------PH---
PRU.L,Market Price,2021-06-07T07:33:50.263032530Z,+1,Trade,1487.5,350,07:33:50.212494000,12-------PH---
PRU.L,Market Price,2021-06-07T07:33:50.263565608Z,+1,Trade,1487.5,320,07:33:50.212494000,12-------PH---
PRU.L,Market Price,2021-06-07T07:33:50.263565608Z,+1,Trade,1487.5,117,07:33:50.212494000,12-------PH---
PRU.L,Market Price,2021-06-07T07:33:50.263565608Z,+1,Trade,1487.5,324,07:33:50.212494000,12-------PH---
PRU.L,Market Price,2021-06-07T07:33:50.263565608Z,+1,Trade,1487.5,141,07:33:50.212494000,12-------PH---
PRU.L,Market Price,2021-06-07T07:33:50.266898897Z,+1,Trade,1487.5,178,07:33:50.212494000,12-------PH---
PRU.L,Market Price,2021-06-07T07:33:50.267043694Z,+1,Trade,1487.5,350,07:33:50.212494000,12-------PH---
PRU.L,Market Price,2021-06-07T07:33:50.267043694Z,+1,Trade,1487.5,910,07:33:50.212494000,12-------PH---
PRU.L,Market Price,2021-06-07T07:33:50.267043694Z,+1,Trade,1488,350,07:33:50.213983000,12-------PH---
PRU.L,Market Price,2021-06-07T07:33:50.270838841Z,+1,Trade,1488.5,15,07:33:50.218443000,12-------PH---
PRU.L,Market Price,2021-06-07T07:33:50.271491511Z,+1,Trade,1488.5,370,07:33:50.218443000,12-------PH---
PRU.L,Market Price,2021-06-07T07:33:50.271491511Z,+1,Trade,1488.5,656,07:33:50.218443000,12-------PH---
PRU.L,Market Price,2021-06-07T07:34:13.399885290Z,+1,Trade,1489.5,350,07:34:13.351967000,12-------PH---
PRU.L,Market Price,2021-06-07T07:34:13.399885290Z,+1,Trade,1489.5,266,07:34:13.351967000,12-------PH---
PRU.L,Market Price,2021-06-07T07:34:13.403857250Z,+1,Trade,1489.5,124,07:34:13.351967000,12-------PH---
PRU.L,Market Price,2021-06-07T07:34:13.467049691Z,+1,Trade,1489,350,07:34:13.417712000,12-------PH---
PRU.L,Market Price,2021-06-07T07:34:13.467049691Z,+1,Trade,1489,126,07:34:13.417712000,12-------PH---
PRU.L,Market Price,2021-06-07T07:34:13.467049691Z,+1,Trade,1489,126,07:34:13.418003000,12-------PH---
PRU.L,Market Price,2021-06-07T07:34:13.467049691Z,+1,Trade,1489,224,07:34:13.418126000,12-------PH---
PRU.L,Market Price,2021-06-07T07:34:13.467049691Z,+1,Trade,1489,350,07:34:13.418949000,12-------PH---
PRU.L,Market Price,2021-06-07T07:34:20.006925134Z,+1,Trade,1489,1,07:34:19.959903000,12-------PH---
PRU.L,Market Price,2021-06-07T07:34:20.006925134Z,+1,Trade,1489,201,07:34:19.959903000,12-------PH---
PRU.L,Market Price,2021-06-07T07:34:36.995309307Z,+1,Trade,1489.5,165,07:34:36.946544000,12-------PH---
PRU.L,Market Price,2021-06-07T07:34:36.995309307Z,+1,Trade,1489.5,350,07:34:36.946544000,12-------PH---
PRU.L,Market Price,2021-06-07T07:34:36.995309307Z,+1,Trade,1489.5,119,07:34:36.946544000,12-------PH---
PRU.L,Market Price,2021-06-07T07:34:36.999324869Z,+1,Trade,1489.5,41,07:34:36.950976000,12-------PH---
PRU.L,Market Price,2021-06-07T07:34:36.999324869Z,+1,Trade,1489.5,96,07:34:36.950976000,12-------PH---
PRU.L,Market Price,2021-06-07T07:34:37.003275929Z,+1,Trade,1489.5,41,07:34:36.954562000,12-------PH---
PRU.L,Market Price,2021-06-07T07:34:37.003275929Z,+1,Trade,1489.5,96,07:34:36.954562000,12-------PH---
PRU.L,Market Price,2021-06-07T07:34:37.003275929Z,+1,Trade,1489.5,350,07:34:36.954562000,12-------PH---
PRU.L,Market Price,2021-06-07T07:34:37.211332109Z,+1,Trade,1489.5,41,07:34:37.162000000,12-------PH---
PRU.L,Market Price,2021-06-07T07:34:37.211332109Z,+1,Trade,1489.5,96,07:34:37.162000000,12-------PH---
PRU.L,Market Price,2021-06-07T07:34:39.063152852Z,+1,Trade,1489,188,07:34:39.016150000,12-------PH---
PRU.L,Market Price,2021-06-07T07:34:45.167365255Z,+1,Trade,1489.5,41,07:34:45.117868000,12-------PH---
PRU.L,Market Price,2021-06-07T07:34:45.167365255Z,+1,Trade,1489.5,96,07:34:45.117868000,12-------PH---
PRU.L,Market Price,2021-06-07T07:34:45.167365255Z,+1,Trade,1489.5,192,07:34:45.117868000,12-------PH---
PRU.L,Market Price,2021-06-07T07:34:45.167365255Z,+1,Trade,1489.5,350,07:34:45.117868000,12-------PH---
PRU.L,Market Price,2021-06-07T07:34:45.171331377Z,+1,Trade,1489.5,42,07:34:45.123330000,12-------PH---
PRU.L,Market Price,2021-06-07T07:34:45.171331377Z,+1,Trade,1489.5,99,07:34:45.123330000,12-------PH---
PRU.L,Market Price,2021-06-07T07:34:45.171331377Z,+1,Trade,1489.5,290,07:34:45.123856000,12-------PH---
PRU.L,Market Price,2021-06-07T07:34:45.175302407Z,+1,Trade,1489.5,42,07:34:45.127247000,12-------PH---
PRU.L,Market Price,2021-06-07T07:34:45.175302407Z,+1,Trade,1489.5,99,07:34:45.127247000,12-------PH---
PRU.L,Market Price,2021-06-07T07:34:47.151623219Z,+1,Trade,1489,350,07:34:47.104097000,12-------PH---
PRU.L,Market Price,2021-06-07T07:34:59.914945962Z,+1,Trade,1489.5,42,07:34:59.866766000,12-------PH---
PRU.L,Market Price,2021-06-07T07:34:59.915563440Z,+1,Trade,1489.5,99,07:34:59.866766000,12-------PH---
PRU.L,Market Price,2021-06-07T07:34:59.915563440Z,+1,Trade,1489.5,350,07:34:59.866766000,12-------PH---
PRU.L,Market Price,2021-06-07T07:34:59.919563474Z,+1,Trade,1489.5,136,07:34:59.866766000,12-------PH---
PRU.L,Market Price,2021-06-07T07:34:59.919563474Z,+1,Trade,1489.5,205,07:34:59.866842000,12-------PH---
PRU.L,Market Price,2021-06-07T07:34:59.923525880Z,+1,Trade,1489.5,43,07:34:59.871075000,12-------PH---
PRU.L,Market Price,2021-06-07T07:34:59.923525880Z,+1,Trade,1489.5,100,07:34:59.871075000,12-------PH---
PRU.L,Market Price,2021-06-07T07:35:00.211245499Z,+1,Trade,1489,184,07:35:00.163746000,12-------PH---
PRU.L,Market Price,2021-06-07T07:35:01.642921124Z,+1,Trade,1489,0,07:35:01.490000000,47------MP----
PRU.L,Market Price,2021-06-07T07:37:04.251334551Z,+1,Trade,1488,143,07:37:04.200838000,12-------PH---
PRU.L,Market Price,2021-06-07T07:37:05.987640592Z,+1,Trade,1488,97,07:37:05.940721000,12-------PH---
PRU.L,Market Price,2021-06-07T07:37:05.991642790Z,+1,Trade,1488,46,07:37:05.943049000,12-------PH---
PRU.L,Market Price,2021-06-07T07:37:57.063260407Z,+1,Trade,1488.5,206,07:37:57.015327000,12-------PH---
PRU.L,Market Price,2021-06-07T07:37:57.063260407Z,+1,Trade,1488.5,218,07:37:57.015327000,12-------PH---
PRU.L,Market Price,2021-06-07T07:38:15.798985359Z,+1,Trade,1488.5,160,07:38:15.751403000,12-------PH---
PRU.L,Market Price,2021-06-07T07:38:35.183750652Z,+1,Trade,1488.5,0,07:38:35.115000000,47------MP----
PRU.L,Market Price,2021-06-07T07:38:41.327782414Z,+1,Trade,1488.5,313,07:38:41.280240000,12-------PH---
PRU.L,Market Price,2021-06-07T07:38:41.327782414Z,+1,Trade,1488.5,7,07:38:41.280377000,12-------PH---
PRU.L,Market Price,2021-06-07T07:39:12.919019594Z,+1,Trade,1488,372,07:39:12.872589000,12-------PH---
PRU.L,Market Price,2021-06-07T07:39:12.931928632Z,+1,Trade,1488,320,07:39:12.884262000,12-------PH---
PRU.L,Market Price,2021-06-07T07:39:12.943136656Z,+1,Trade,1488,191,07:39:12.894415000,12-------PH---
PRU.L,Market Price,2021-06-07T07:39:12.943136656Z,+1,Trade,1488,33,07:39:12.894489000,12-------PH---
PRU.L,Market Price,2021-06-07T07:39:12.943136656Z,+1,Trade,1488,191,07:39:12.894489000,12-------PH---
PRU.L,Market Price,2021-06-07T07:39:12.943136656Z,+1,Trade,1488,159,07:39:12.894504000,12-------PH---
PRU.L,Market Price,2021-06-07T07:39:12.943136656Z,+1,Trade,1488,65,07:39:12.894753000,12-------PH---
PRU.L,Market Price,2021-06-07T07:39:12.943883467Z,+1,Trade,1488,350,07:39:12.896323000,12-------PH---
PRU.L,Market Price,2021-06-07T07:39:18.947022057Z,+1,Trade,1488.5,213,07:39:18.896818000,12-------PH---
PRU.L,Market Price,2021-06-07T07:40:14.551198898Z,+1,Trade,1488.49,6,07:40:13.418000000,45------MP----
PRU.L,Market Price,2021-06-07T07:40:40.999022940Z,+1,Trade,1489,144,07:40:40.949440000,12-------PH---
PRU.L,Market Price,2021-06-07T07:40:40.999022940Z,+1,Trade,1489,309,07:40:40.949440000,12-------PH---
PRU.L,Market Price,2021-06-07T07:40:40.999022940Z,+1,Trade,1489,200,07:40:40.949440000,12-------PH---
PRU.L,Market Price,2021-06-07T07:40:40.999022940Z,+1,Trade,1489,145,07:40:40.949440000,12-------PH---
PRU.L,Market Price,2021-06-07T07:40:40.999022940Z,+1,Trade,1489,25,07:40:40.949440000,12-------PH---
PRU.L,Market Price,2021-06-07T07:41:16.199352537Z,+1,Trade,1488.5,751,07:41:16.150728000,12-------PH---
PRU.L,Market Price,2021-06-07T07:41:16.546927711Z,+1,Trade,1489,263,07:41:16.167307000,47------MP----
PRU.L,Market Price,2021-06-07T07:41:44.479122970Z,+1,Trade,1489,213,07:41:44.431771000,12-------PH---
PRU.L,Market Price,2021-06-07T07:41:44.479122970Z,+1,Trade,1489,148,07:41:44.431771000,12-------PH---
PRU.L,Market Price,2021-06-07T07:42:10.918957431Z,+1,Trade,1488.5,1000,07:42:10.283846000,45------MP----
PRU.L,Market Price,2021-06-07T07:43:08.234867160Z,+1,Trade,1490,118,07:43:08.187858000,12-------PH---
PRU.L,Market Price,2021-06-07T07:43:08.239150566Z,+1,Trade,1490.5,350,07:43:08.188084000,12-------PH---
PRU.L,Market Price,2021-06-07T07:43:08.239150566Z,+1,Trade,1490.5,107,07:43:08.188084000,12-------PH---
PRU.L,Market Price,2021-06-07T07:43:08.239150566Z,+1,Trade,1490.5,297,07:43:08.188084000,12-------PH---
PRU.L,Market Price,2021-06-07T07:44:04.139514634Z,+1,Trade,1490,220,07:44:04.092126000,12-------PH---
PRU.L,Market Price,2021-06-07T07:44:05.343271100Z,+1,Trade,1490,118,07:44:05.294993000,12-------PH---
PRU.L,Market Price,2021-06-07T07:45:08.247082252Z,+1,Trade,1491,1,07:45:08.180000000,47------MP----
PRU.L,Market Price,2021-06-07T07:45:20.934832540Z,+1,Trade,1490,1353,07:45:19.667689000,45------MP----
PRU.L,Market Price,2021-06-07T07:46:07.906956127Z,+1,Trade,1490,150,07:46:07.856155000,12-------PH---
PRU.L,Market Price,2021-06-07T07:46:07.907791253Z,+1,Trade,1490,200,07:46:07.856164000,12-------PH---
PRU.L,Market Price,2021-06-07T07:47:44.066904927Z,+1,Trade,1489.49,440,07:47:41.893000000,45------MP----
PRU.L,Market Price,2021-06-07T07:48:12.791172943Z,+1,Trade,1489,200,07:48:12.742112000,12-------PH---
PRU.L,Market Price,2021-06-07T07:48:59.219136412Z,+1,Trade,1488,42,07:48:59.170938000,12-------PH---
PRU.L,Market Price,2021-06-07T07:49:03.067218654Z,+1,Trade,1488,247,07:49:03.017575000,12-------PH---
PRU.L,Market Price,2021-06-07T07:49:15.027679181Z,+1,Trade,1488,2,07:49:14.980465000,12-------PH---
PRU.L,Market Price,2021-06-07T07:49:23.487498036Z,+1,Trade,1487.49,350,07:49:22.281000000,45------MP----
PRU.L,Market Price,2021-06-07T07:50:13.931139668Z,+1,Trade,1488,245,07:50:13.881654000,12-------PH---
PRU.L,Market Price,2021-06-07T07:50:13.931139668Z,+1,Trade,1488,145,07:50:13.881654000,12-------PH---
PRU.L,Market Price,2021-06-07T07:50:13.931139668Z,+1,Trade,1488,95,07:50:13.881654000,12-------PH---
PRU.L,Market Price,2021-06-07T07:50:13.931139668Z,+1,Trade,1488,81,07:50:13.881868000,12-------PH---
PRU.L,Market Price,2021-06-07T07:50:13.931139668Z,+1,Trade,1488,128,07:50:13.881868000,12-------PH---
PRU.L,Market Price,2021-06-07T07:50:23.063747873Z,+1,Trade,1488,192,07:50:23.015809000,12-------PH---
PRU.L,Market Price,2021-06-07T07:50:24.767272623Z,+1,Trade,1488.0051,40,07:50:23.598000000,45------MP----
PRU.L,Market Price,2021-06-07T07:51:00.190856161Z,+1,Trade,1487.5,1,07:51:00.141764000,12-------PH---
PRU.L,Market Price,2021-06-07T07:51:08.215394744Z,+1,Trade,14.86625,400,07:51:08.088000000,45------MP----
PRU.L,Market Price,2021-06-07T07:51:13.546962112Z,+1,Trade,1486.99,135,07:51:11.898000000,45------MP----
PRU.L,Market Price,2021-06-07T07:51:39.942957164Z,+1,Trade,1486.5,350,07:51:39.892125000,12-------PH---
PRU.L,Market Price,2021-06-07T07:51:39.942957164Z,+1,Trade,1486.5,204,07:51:39.892125000,12-------PH---
PRU.L,Market Price,2021-06-07T07:51:39.942957164Z,+1,Trade,1486.5,753,07:51:39.892125000,12-------PH---
PRU.L,Market Price,2021-06-07T07:52:29.099084386Z,+1,Trade,1487,39,07:52:29.051899000,12-------PH---
PRU.L,Market Price,2021-06-07T07:52:29.099084386Z,+1,Trade,1487,81,07:52:29.052047000,12-------PH---
PRU.L,Market Price,2021-06-07T07:52:29.103095540Z,+1,Trade,1487,153,07:52:29.052047000,12-------PH---
PRU.L,Market Price,2021-06-07T07:52:29.103095540Z,+1,Trade,1487,39,07:52:29.052053000,12-------PH---
PRU.L,Market Price,2021-06-07T07:53:28.219293534Z,+1,Trade,1487.5,112,07:53:28.169579000,12-------PH---
PRU.L,Market Price,2021-06-07T07:55:53.375563767Z,+1,Trade,1488,350,07:55:53.324238000,12-------PH---
PRU.L,Market Price,2021-06-07T07:55:53.375563767Z,+1,Trade,1488,87,07:55:53.324238000,12-------PH---
PRU.L,Market Price,2021-06-07T07:55:53.375563767Z,+1,Trade,1488,137,07:55:53.324266000,12-------PH---
PRU.L,Market Price,2021-06-07T07:55:53.375563767Z,+1,Trade,1488,53,07:55:53.324266000,12-------PH---
PRU.L,Market Price,2021-06-07T07:55:53.407419956Z,+1,Trade,1487.5,100,07:55:53.358747000,12-------PH---
PRU.L,Market Price,2021-06-07T07:56:15.331170848Z,+1,Trade,1488,350,07:56:15.281290000,12-------PH---
PRU.L,Market Price,2021-06-07T07:56:15.331170848Z,+1,Trade,1488,558,07:56:15.281290000,12-------PH---
PRU.L,Market Price,2021-06-07T07:56:15.331170848Z,+1,Trade,1487.5,48,07:56:15.281806000,12-------PH---
PRU.L,Market Price,2021-06-07T07:56:15.331170848Z,+1,Trade,1487.5,350,07:56:15.281806000,12-------PH---
PRU.L,Market Price,2021-06-07T07:56:15.331170848Z,+1,Trade,1487.5,29,07:56:15.282112000,12-------PH---
PRU.L,Market Price,2021-06-07T07:56:36.571781023Z,+1,Trade,1487,19,07:56:36.523233000,12-------PH---
PRU.L,Market Price,2021-06-07T07:56:36.571781023Z,+1,Trade,1487,255,07:56:36.523233000,12-------PH---
PRU.L,Market Price,2021-06-07T07:56:36.634844884Z,+1,Trade,1486.5,128,07:56:36.585396000,12-------PH---
PRU.L,Market Price,2021-06-07T07:56:36.635495653Z,+1,Trade,1486.5,244,07:56:36.585396000,12-------PH---
PRU.L,Market Price,2021-06-07T07:57:47.207494018Z,+1,Trade,1485.5,43,07:57:47.159456000,12-------PH---
PRU.L,Market Price,2021-06-07T07:57:47.242869617Z,+1,Trade,1486,132,07:57:47.175578000,45-1----MP----
PRU.L,Market Price,2021-06-07T07:58:00.367638952Z,+1,Trade,1486,399,07:58:00.316796000,12-------PH---
PRU.L,Market Price,2021-06-07T07:58:00.367638952Z,+1,Trade,1486,48,07:58:00.316796000,12-------PH---
PRU.L,Market Price,2021-06-07T07:58:51.190886568Z,+1,Trade,14.86062,204,07:58:51.081000000,45------MP----
PRU.L,Market Price,2021-06-07T08:00:00.819452993Z,+1,Trade,1486.5,1,08:00:00.746000000,47------MP----
PRU.L,Market Price,2021-06-07T08:00:02.883379666Z,+1,Trade,1485.5,175,08:00:02.832196000,12-------PH---
PRU.L,Market Price,2021-06-07T08:00:02.883379666Z,+1,Trade,1485.5,33,08:00:02.832196000,12-------PH---
PRU.L,Market Price,2021-06-07T08:00:02.887358604Z,+1,Trade,1486,119,08:00:02.823983000,45-1----MP----
PRU.L,Market Price,2021-06-07T08:00:28.583460532Z,+1,Trade,1485.5,114,08:00:28.516281000,45-1----MP----
PRU.L,Market Price,2021-06-07T08:00:28.631245403Z,+1,Trade,1485,204,08:00:28.583405000,12-------PH---
PRU.L,Market Price,2021-06-07T08:00:28.631245403Z,+1,Trade,1485,13,08:00:28.583405000,12-------PH---
PRU.L,Market Price,2021-06-07T08:01:06.163354958Z,+1,Trade,14.85125,540,08:01:06.053000000,45------MP----
PRU.L,Market Price,2021-06-07T08:02:01.586941784Z,+1,Trade,1486,98,08:02:01.248707000,47------MP----
PRU.L,Market Price,2021-06-07T08:04:29.086933611Z,+1,Trade,1485,174,08:04:29.039139000,12-------PH---
PRU.L,Market Price,2021-06-07T08:04:29.122871985Z,+1,Trade,1485,146,08:04:29.066594000,45-1----MP----
PRU.L,Market Price,2021-06-07T08:04:29.127658899Z,+1,Trade,1485,128,08:04:29.066594000,45-1----MP----
PRU.L,Market Price,2021-06-07T08:04:29.127658899Z,+1,Trade,1485,125,08:04:29.066594000,45-1----MP----
PRU.L,Market Price,2021-06-07T08:04:29.322887609Z,+1,Trade,1485,152,08:04:29.143353000,47------MP----
PRU.L,Market Price,2021-06-07T08:05:03.074871300Z,+1,Trade,1485.5,350,08:05:03.024937000,12-------PH---
PRU.L,Market Price,2021-06-07T08:05:03.075497484Z,+1,Trade,1485.5,148,08:05:03.024937000,12-------PH---
PRU.L,Market Price,2021-06-07T08:05:03.075497484Z,+1,Trade,1485.5,321,08:05:03.024937000,12-------PH---
PRU.L,Market Price,2021-06-07T08:05:03.075497484Z,+1,Trade,1485.5,119,08:05:03.024937000,12-------PH---
PRU.L,Market Price,2021-06-07T08:05:03.075497484Z,+1,Trade,1485.5,309,08:05:03.024937000,12-------PH---
PRU.L,Market Price,2021-06-07T08:05:03.079032912Z,+1,Trade,1486,115,08:05:03.026787000,12-------PH---
PRU.L,Market Price,2021-06-07T08:05:03.079032912Z,+1,Trade,1486,324,08:05:03.026787000,12-------PH---
PRU.L,Market Price,2021-06-07T08:05:03.079032912Z,+1,Trade,1486,138,08:05:03.026787000,12-------PH---
PRU.L,Market Price,2021-06-07T08:05:03.079032912Z,+1,Trade,1486.5,138,08:05:03.030726000,12-------PH---
PRU.L,Market Price,2021-06-07T08:05:03.079032912Z,+1,Trade,1486.5,944,08:05:03.030726000,12-------PH---
PRU.L,Market Price,2021-06-07T08:05:03.079473032Z,+1,Trade,1486.5,586,08:05:03.030748000,12-------PH---
PRU.L,Market Price,2021-06-07T08:05:03.243757211Z,+1,Trade,1486.5,26,08:05:03.193837000,12-------PH---
PRU.L,Market Price,2021-06-07T08:05:03.243757211Z,+1,Trade,1486.5,192,08:05:03.193837000,12-------PH---
PRU.L,Market Price,2021-06-07T08:05:03.507601192Z,+1,Trade,1486.5,350,08:05:03.459672000,12-------PH---
PRU.L,Market Price,2021-06-07T08:05:03.507601192Z,+1,Trade,1486.5,200,08:05:03.459672000,12-------PH---
PRU.L,Market Price,2021-06-07T08:05:06.138848540Z,+1,Trade,1486.5,660,08:05:06.089187000,12-------PH---
PRU.L,Market Price,2021-06-07T08:05:07.187441756Z,+1,Trade,1486.5,660,08:05:07.139473000,12-------PH---
PRU.L,Market Price,2021-06-07T08:05:13.131343108Z,+1,Trade,1487,139,08:05:13.081377000,12-------PH---
PRU.L,Market Price,2021-06-07T08:05:13.179120772Z,+1,Trade,1487.5,221,08:05:13.129891000,12-------PH---
PRU.L,Market Price,2021-06-07T08:05:13.179120772Z,+1,Trade,1487.5,138,08:05:13.130171000,12-------PH---
PRU.L,Market Price,2021-06-07T08:05:23.859245138Z,+1,Trade,1487,1,08:05:23.807420000,12-------PH---
PRU.L,Market Price,2021-06-07T08:05:23.859245138Z,+1,Trade,1487,1227,08:05:23.807420000,12-------PH---
PRU.L,Market Price,2021-06-07T08:05:23.859245138Z,+1,Trade,1487,275,08:05:23.807420000,12-------PH---
PRU.L,Market Price,2021-06-07T08:05:23.882882350Z,+1,Trade,1487,275,08:05:23.832886000,12-------PH---
PRU.L,Market Price,2021-06-07T08:05:23.883131583Z,+1,Trade,1487.5,192,08:05:23.834763000,12-------PH---
PRU.L,Market Price,2021-06-07T08:05:23.931878540Z,+1,Trade,1487,2,08:05:23.818922000,47------MP----
PRU.L,Market Price,2021-06-07T08:05:39.746918402Z,+1,Trade,1487.5,51,08:05:39.698783000,12-------PH---
PRU.L,Market Price,2021-06-07T08:05:39.747397767Z,+1,Trade,1487.5,187,08:05:39.698903000,12-------PH---
PRU.L,Market Price,2021-06-07T08:05:39.747397767Z,+1,Trade,1487.5,238,08:05:39.698903000,12-------PH---
PRU.L,Market Price,2021-06-07T08:05:39.751386785Z,+1,Trade,1487.5,350,08:05:39.699497000,12-------PH---
PRU.L,Market Price,2021-06-07T08:06:57.002965741Z,+1,Trade,1487.5051,600,08:06:56.475000000,45------MP----
PRU.L,Market Price,2021-06-07T08:06:59.491025187Z,+1,Trade,1488,846,08:06:59.017666000,47------MP----
PRU.L,Market Price,2021-06-07T08:07:03.467000416Z,+1,Trade,1488,163,08:07:03.419069000,12-------PH---
PRU.L,Market Price,2021-06-07T08:07:03.467585169Z,+1,Trade,1488,127,08:07:03.419069000,12-------PH---
PRU.L,Market Price,2021-06-07T08:07:03.467585169Z,+1,Trade,1488,149,08:07:03.419069000,12-------PH---
PRU.L,Market Price,2021-06-07T08:07:03.467585169Z,+1,Trade,1488,350,08:07:03.419069000,12-------PH---
PRU.L,Market Price,2021-06-07T08:07:08.787192003Z,+1,Trade,1488.5,722,08:07:08.636691000,47------MP----
PRU.L,Market Price,2021-06-07T08:07:39.779103588Z,+1,Trade,1488.5,163,08:07:39.731439000,12-------PH---
PRU.L,Market Price,2021-06-07T08:07:39.779103588Z,+1,Trade,1489,350,08:07:39.731647000,12-------PH---
PRU.L,Market Price,2021-06-07T08:07:39.782935173Z,+1,Trade,1489,318,08:07:39.731647000,12-------PH---
PRU.L,Market Price,2021-06-07T08:07:47.555858847Z,+1,Trade,1489,50,08:07:46.730364000,45------MP----
PRU.L,Market Price,2021-06-07T08:08:11.163213661Z,+1,Trade,1489,243,08:08:11.112213000,12-------PH---
PRU.L,Market Price,2021-06-07T08:08:11.163213661Z,+1,Trade,1489,637,08:08:11.113882000,12-------PH---
PRU.L,Market Price,2021-06-07T08:08:11.163213661Z,+1,Trade,1489,350,08:08:11.113882000,12-------PH---
PRU.L,Market Price,2021-06-07T08:08:11.451030146Z,+1,Trade,1489,130,08:08:11.393461000,45-1----MP----
PRU.L,Market Price,2021-06-07T08:08:11.451030146Z,+1,Trade,1489,58,08:08:11.393461000,45-1----MP----
PRU.L,Market Price,2021-06-07T08:08:54.167221064Z,+1,Trade,1489.5,13,08:08:54.117032000,12-------PH---
PRU.L,Market Price,2021-06-07T08:10:33.138870886Z,+1,Trade,1489.51,295,08:10:31.272000000,45------MP----
PRU.L,Market Price,2021-06-07T08:10:38.059772521Z,+1,Trade,1489.5,297,08:10:37.987475000,45-1----MP----
PRU.L,Market Price,2021-06-07T08:11:32.019729116Z,+1,Trade,1490,1222,08:11:31.970920000,12-------PH---
PRU.L,Market Price,2021-06-07T08:11:32.019729116Z,+1,Trade,1490,125,08:11:31.970920000,12-------PH---
PRU.L,Market Price,2021-06-07T08:11:32.019729116Z,+1,Trade,1490,28,08:11:31.970920000,12-------PH---
PRU.L,Market Price,2021-06-07T08:11:55.902854451Z,+1,Trade,1490.5,120,08:11:55.836535000,45-1----MP----
PRU.L,Market Price,2021-06-07T08:12:44.239409854Z,+1,Trade,1491,350,08:12:44.191658000,12-------PH---
PRU.L,Market Price,2021-06-07T08:12:44.243399004Z,+1,Trade,1491,127,08:12:44.191658000,12-------PH---
PRU.L,Market Price,2021-06-07T08:12:44.243399004Z,+1,Trade,1491,50,08:12:44.191658000,12-------PH---
PRU.L,Market Price,2021-06-07T08:13:16.659033198Z,+1,Trade,1491.5,99,08:13:16.611171000,12-------PH---
PRU.L,Market Price,2021-06-07T08:13:33.651349154Z,+1,Trade,1492.1802,888,08:13:32.657000000,45------MP----
PRU.L,Market Price,2021-06-07T08:14:03.623673331Z,+1,Trade,1492.5,350,08:14:03.574405000,12-------PH---
PRU.L,Market Price,2021-06-07T08:14:03.631616975Z,+1,Trade,1492.5,128,08:14:03.581889000,12-------PH---
PRU.L,Market Price,2021-06-07T08:14:08.611748098Z,+1,Trade,1492.5,132,08:14:08.561696000,12-------PH---
PRU.L,Market Price,2021-06-07T08:14:10.799126916Z,+1,Trade,1492,715,08:14:08.694000000,45------MP----
PRU.L,Market Price,2021-06-07T08:14:53.271536262Z,+1,Trade,1492,283,08:14:53.222816000,12-------PH---
PRU.L,Market Price,2021-06-07T08:14:53.271536262Z,+1,Trade,1492,373,08:14:53.222816000,12-------PH---
PRU.L,Market Price,2021-06-07T08:14:53.287456096Z,+1,Trade,1491.5,44,08:14:53.236353000,12-------PH---
PRU.L,Market Price,2021-06-07T08:14:53.287456096Z,+1,Trade,1491.5,186,08:14:53.236491000,12-------PH---
PRU.L,Market Price,2021-06-07T08:14:55.123382789Z,+1,Trade,1491,1,08:14:55.075980000,12-------PH---
PRU.L,Market Price,2021-06-07T08:14:55.123382789Z,+1,Trade,1491,349,08:14:55.076112000,12-------PH---
PRU.L,Market Price,2021-06-07T08:15:04.963153807Z,+1,Trade,1490.5,350,08:15:04.914658000,12-------PH---
PRU.L,Market Price,2021-06-07T08:15:44.055412746Z,+1,Trade,1490,377,08:15:44.006992000,12-------PH---
PRU.L,Market Price,2021-06-07T08:15:44.111174792Z,+1,Trade,1491,0,08:15:44.042000000,47------MP----
PRU.L,Market Price,2021-06-07T08:17:19.515009043Z,+1,Trade,1490,250,08:17:19.467595000,12-------PH---
PRU.L,Market Price,2021-06-07T08:17:19.515009043Z,+1,Trade,1490,294,08:17:19.467595000,12-------PH---
PRU.L,Market Price,2021-06-07T08:17:19.515009043Z,+1,Trade,1490,51,08:17:19.467595000,12-------PH---
PRU.L,Market Price,2021-06-07T08:17:19.515009043Z,+1,Trade,1490,58,08:17:19.467782000,12-------PH---
PRU.L,Market Price,2021-06-07T08:18:04.838842335Z,+1,Trade,1489.5,250,08:18:04.788376000,12-------PH---
PRU.L,Market Price,2021-06-07T08:18:04.838950930Z,+1,Trade,1489.5,160,08:18:04.788376000,12-------PH---
PRU.L,Market Price,2021-06-07T08:18:04.838950930Z,+1,Trade,1489.5,238,08:18:04.788376000,12-------PH---
PRU.L,Market Price,2021-06-07T08:18:24.918866856Z,+1,Trade,1490,152,08:18:24.869185000,12-------PH---
PRU.L,Market Price,2021-06-07T08:18:37.028449294Z,+1,Trade,1489.49,78,08:18:35.455000000,45------MP----
PRU.L,Market Price,2021-06-07T08:19:51.047272875Z,+1,Trade,1489.245,250,08:19:49.360000000,45------MP----
PRU.L,Market Price,2021-06-07T08:20:57.203648286Z,+1,Trade,1489,238,08:20:57.153059000,12-------PH---
PRU.L,Market Price,2021-06-07T08:21:08.294919646Z,+1,Trade,1489.01,140,08:21:06.818000000,45------MP----
PRU.L,Market Price,2021-06-07T08:21:28.671405954Z,+1,Trade,1488.5,238,08:21:28.621006000,12-------PH---
PRU.L,Market Price,2021-06-07T08:21:29.110874600Z,+1,Trade,1489.5,1,08:21:28.734000000,47------MP----
PRU.L,Market Price,2021-06-07T08:22:48.763479585Z,+1,Trade,1488.4107,22,08:22:48.021908000,45------MP----
PRU.L,Market Price,2021-06-07T08:23:38.119635060Z,+1,Trade,1488.5,2,08:23:38.072324000,12-------PH---
PRU.L,Market Price,2021-06-07T08:23:38.119635060Z,+1,Trade,1488.5,191,08:23:38.072324000,12-------PH---
PRU.L,Market Price,2021-06-07T08:23:38.123643929Z,+1,Trade,1488.5,144,08:23:38.076049000,12-------PH---
PRU.L,Market Price,2021-06-07T08:23:38.127606207Z,+1,Trade,1488.5,47,08:23:38.077638000,12-------PH---
PRU.L,Market Price,2021-06-07T08:24:01.571624510Z,+1,Trade,1488.5,264,08:24:01.523566000,12-------PH---
PRU.L,Market Price,2021-06-07T08:24:02.786838125Z,+1,Trade,1488.99,350,08:24:00.937000000,45------MP----
PRU.L,Market Price,2021-06-07T08:24:37.854959230Z,+1,Trade,1488,350,08:24:37.804711000,12-------PH---
PRU.L,Market Price,2021-06-07T08:24:37.855104505Z,+1,Trade,1488,336,08:24:37.804711000,12-------PH---
PRU.L,Market Price,2021-06-07T08:24:37.855104505Z,+1,Trade,1488,104,08:24:37.804711000,12-------PH---
PRU.L,Market Price,2021-06-07T08:24:37.855104505Z,+1,Trade,1488,180,08:24:37.804711000,12-------PH---
PRU.L,Market Price,2021-06-07T08:24:37.855104505Z,+1,Trade,1488,172,08:24:37.804711000,12-------PH---
PRU.L,Market Price,2021-06-07T08:24:37.855104505Z,+1,Trade,1488,752,08:24:37.804711000,12-------PH---
PRU.L,Market Price,2021-06-07T08:24:37.855104505Z,+1,Trade,1488,18,08:24:37.804711000,12-------PH---
PRU.L,Market Price,2021-06-07T08:24:37.855104505Z,+1,Trade,1487.5,1320,08:24:37.804711000,12-------PH---
PRU.L,Market Price,2021-06-07T08:24:41.519101351Z,+1,Trade,1488.49,302,08:24:39.170000000,45------MP----
PRU.L,Market Price,2021-06-07T08:24:45.559361159Z,+1,Trade,1488.5,163,08:24:45.512420000,12-------PH---
PRU.L,Market Price,2021-06-07T08:26:22.999271497Z,+1,Trade,1489,279,08:26:22.952101000,12-------PH---
PRU.L,Market Price,2021-06-07T08:27:56.166921272Z,+1,Trade,1489.5,1067,08:27:54.756627000,45------MP----
PRU.L,Market Price,2021-06-07T08:28:24.715502609Z,+1,Trade,1489.5,115,08:28:24.667870000,12-------PH---
PRU.L,Market Price,2021-06-07T08:28:24.715502609Z,+1,Trade,1489.5,102,08:28:24.667870000,12-------PH---
PRU.L,Market Price,2021-06-07T08:28:24.719489038Z,+1,Trade,1489.5,360,08:28:24.668252000,12-------PH---
PRU.L,Market Price,2021-06-07T08:28:26.315482692Z,+1,Trade,1489,1,08:28:26.264638000,12-------PH---
PRU.L,Market Price,2021-06-07T08:28:26.315482692Z,+1,Trade,1489,257,08:28:26.264638000,12-------PH---
PRU.L,Market Price,2021-06-07T08:28:26.315482692Z,+1,Trade,1489,261,08:28:26.264638000,12-------PH---
PRU.L,Market Price,2021-06-07T08:29:50.966873989Z,+1,Trade,1488.5,2,08:29:50.917129000,12-------PH---
PRU.L,Market Price,2021-06-07T08:30:52.830845160Z,+1,Trade,1488.75,14,08:30:52.497000000,45------MP----
PRU.L,Market Price,2021-06-07T08:31:03.746915089Z,+1,Trade,1488.5,160,08:31:03.695657000,12-------PH---
PRU.L,Market Price,2021-06-07T08:31:03.746915089Z,+1,Trade,1488.5,138,08:31:03.695796000,12-------PH---
PRU.L,Market Price,2021-06-07T08:33:09.874906592Z,+1,Trade,1488.495,343,08:33:09.476000000,45------MP----
PRU.L,Market Price,2021-06-07T08:33:34.155016183Z,+1,Trade,1488.49,375,08:33:31.985000000,45------MP----
PRU.L,Market Price,2021-06-07T08:38:02.067035571Z,+1,Trade,1488,250,08:38:02.019607000,12-------PH---
PRU.L,Market Price,2021-06-07T08:38:02.067035571Z,+1,Trade,1488,60,08:38:02.019607000,12-------PH---
PRU.L,Market Price,2021-06-07T08:38:02.323810924Z,+1,Trade,1487.5,894,08:38:02.273708000,12-------PH---
PRU.L,Market Price,2021-06-07T08:38:02.323810924Z,+1,Trade,1487.5,1071,08:38:02.273871000,12-------PH---
PRU.L,Market Price,2021-06-07T08:38:27.359815930Z,+1,Trade,1487.5,142,08:38:27.311058000,12-------PH---
PRU.L,Market Price,2021-06-07T08:38:27.359815930Z,+1,Trade,1487.5,350,08:38:27.311058000,12-------PH---
PRU.L,Market Price,2021-06-07T08:38:27.359815930Z,+1,Trade,1487.5,114,08:38:27.311058000,12-------PH---
PRU.L,Market Price,2021-06-07T08:38:56.934826441Z,+1,Trade,1487.7526,470,08:38:56.045000000,45------MP----
PRU.L,Market Price,2021-06-07T08:39:02.935540282Z,+1,Trade,1487.5,2,08:39:02.887218000,12-------PH---
PRU.L,Market Price,2021-06-07T08:39:02.935540282Z,+1,Trade,1487.5,113,08:39:02.887218000,12-------PH---
PRU.L,Market Price,2021-06-07T08:39:02.938800859Z,+1,Trade,1487.5,126,08:39:02.887320000,12-------PH---
PRU.L,Market Price,2021-06-07T08:39:02.939520063Z,+1,Trade,1487.5,163,08:39:02.887320000,12-------PH---
PRU.L,Market Price,2021-06-07T08:42:31.723229804Z,+1,Trade,1488,48,08:42:31.673802000,12-------PH---
PRU.L,Market Price,2021-06-07T08:42:31.723229804Z,+1,Trade,1488,336,08:42:31.673802000,12-------PH---
PRU.L,Market Price,2021-06-07T08:42:31.723229804Z,+1,Trade,1488,149,08:42:31.673802000,12-------PH---
PRU.L,Market Price,2021-06-07T08:43:48.502894904Z,+1,Trade,1488.25,215,08:43:47.722000000,45------MP----
PRU.L,Market Price,2021-06-07T08:43:49.543334996Z,+1,Trade,1488.5,200,08:43:49.494672000,12-------PH---
PRU.L,Market Price,2021-06-07T08:44:58.518826197Z,+1,Trade,1488.7475,180,08:44:57.499000000,45------MP----
PRU.L,Market Price,2021-06-07T08:45:09.787789494Z,+1,Trade,1488.5,400,08:45:09.739259000,12-------PH---
PRU.L,Market Price,2021-06-07T08:45:09.787789494Z,+1,Trade,1488.5,134,08:45:09.739259000,12-------PH---
PRU.L,Market Price,2021-06-07T08:45:09.787789494Z,+1,Trade,1488.5,280,08:45:09.739314000,12-------PH---
PRU.L,Market Price,2021-06-07T08:45:10.666824003Z,+1,Trade,1488.5,35,08:45:10.617358000,12-------PH---
PRU.L,Market Price,2021-06-07T08:45:10.666939495Z,+1,Trade,1488.5,107,08:45:10.617513000,12-------PH---
PRU.L,Market Price,2021-06-07T08:45:30.659083140Z,+1,Trade,1488,163,08:45:30.608401000,12-------PH---
PRU.L,Market Price,2021-06-07T08:45:30.659083140Z,+1,Trade,1488,336,08:45:30.612700000,12-------PH---
PRU.L,Market Price,2021-06-07T08:45:30.663064009Z,+1,Trade,1488,250,08:45:30.612700000,12-------PH---
PRU.L,Market Price,2021-06-07T08:45:56.874921559Z,+1,Trade,1488,169,08:45:56.825080000,12-------PH---
PRU.L,Market Price,2021-06-07T08:46:00.399434584Z,+1,Trade,1488,144,08:46:00.348464000,12-------PH---
PRU.L,Market Price,2021-06-07T08:46:08.459002319Z,+1,Trade,1487.75,232,08:46:08.388864000,45-1----MP----
PRU.L,Market Price,2021-06-07T08:46:16.527599695Z,+1,Trade,1487.5,1,08:46:16.478532000,12-------PH---
PRU.L,Market Price,2021-06-07T08:46:16.527599695Z,+1,Trade,1487.5,431,08:46:16.478532000,12-------PH---
PRU.L,Market Price,2021-06-07T08:46:16.527599695Z,+1,Trade,1487.5,22,08:46:16.478691000,12-------PH---
PRU.L,Market Price,2021-06-07T08:46:16.535559097Z,+1,Trade,1487.5,290,08:46:16.487301000,12-------PH---
PRU.L,Market Price,2021-06-07T08:46:16.535559097Z,+1,Trade,1487.5,350,08:46:16.487301000,12-------PH---
PRU.L,Market Price,2021-06-07T08:47:25.775386680Z,+1,Trade,1488,238,08:47:25.725766000,12-------PH---
PRU.L,Market Price,2021-06-07T08:47:25.775386680Z,+1,Trade,1488,448,08:47:25.725766000,12-------PH---
PRU.L,Market Price,2021-06-07T08:47:25.775386680Z,+1,Trade,1488,293,08:47:25.725766000,12-------PH---
PRU.L,Market Price,2021-06-07T08:47:25.783374388Z,+1,Trade,1488,72,08:47:25.732731000,12-------PH---
PRU.L,Market Price,2021-06-07T08:48:59.226813515Z,+1,Trade,1488,50,08:48:57.561000000,45------MP----
PRU.L,Market Price,2021-06-07T08:51:01.595156612Z,+1,Trade,1488.4949,795,08:51:00.516000000,45------MP----
PRU.L,Market Price,2021-06-07T08:51:02.967096017Z,+1,Trade,1488,278,08:51:02.919068000,12-------PH---
PRU.L,Market Price,2021-06-07T08:51:02.967096017Z,+1,Trade,1488,126,08:51:02.919068000,12-------PH---
PRU.L,Market Price,2021-06-07T08:51:02.967096017Z,+1,Trade,1488,327,08:51:02.919068000,12-------PH---
PRU.L,Market Price,2021-06-07T08:51:50.394796799Z,+1,Trade,1487.99,375,08:51:48.140000000,45------MP----
PRU.L,Market Price,2021-06-07T08:52:12.091473553Z,+1,Trade,1487.5893,63,08:52:11.248510000,45------MP----
PRU.L,Market Price,2021-06-07T08:52:41.206884915Z,+1,Trade,1487.5,305,08:52:39.278000000,45------MP----
PRU.L,Market Price,2021-06-07T08:53:03.095040547Z,+1,Trade,1487.5,138,08:53:03.045687000,12-------PH---
PRU.L,Market Price,2021-06-07T08:53:03.095040547Z,+1,Trade,1487.5,1050,08:53:03.045687000,12-------PH---
PRU.L,Market Price,2021-06-07T08:53:03.095040547Z,+1,Trade,1487.5,209,08:53:03.045687000,12-------PH---
PRU.L,Market Price,2021-06-07T08:53:03.095040547Z,+1,Trade,1487.5,287,08:53:03.045687000,12-------PH---
PRU.L,Market Price,2021-06-07T08:53:03.095040547Z,+1,Trade,1487.5,130,08:53:03.045687000,12-------PH---
PRU.L,Market Price,2021-06-07T08:53:03.095040547Z,+1,Trade,1487.5,315,08:53:03.045687000,12-------PH---
PRU.L,Market Price,2021-06-07T08:53:07.951077817Z,+1,Trade,1487,1,08:53:07.901702000,12-------PH---
PRU.L,Market Price,2021-06-07T08:53:07.951077817Z,+1,Trade,1487,196,08:53:07.901702000,12-------PH---
PRU.L,Market Price,2021-06-07T08:53:07.951077817Z,+1,Trade,1487,53,08:53:07.901789000,12-------PH---
PRU.L,Market Price,2021-06-07T08:54:04.035637035Z,+1,Trade,1487.5,163,08:54:03.987329000,12-------PH---
PRU.L,Market Price,2021-06-07T08:54:04.039615540Z,+1,Trade,1487.5,152,08:54:03.987329000,12-------PH---
PRU.L,Market Price,2021-06-07T08:54:40.571142269Z,+1,Trade,1487.5,124,08:54:40.521603000,12-------PH---
PRU.L,Market Price,2021-06-07T08:55:39.711306592Z,+1,Trade,1487.5,263,08:55:39.662867000,12-------PH---
PRU.L,Market Price,2021-06-07T08:55:55.658787479Z,+1,Trade,1487.5003,115,08:55:55.244000000,45------MP----
PRU.L,Market Price,2021-06-07T08:57:34.251091253Z,+1,Trade,1488,456,08:57:34.202325000,12-------PH---
PRU.L,Market Price,2021-06-07T08:57:34.251091253Z,+1,Trade,1488,164,08:57:34.202325000,12-------PH---
PRU.L,Market Price,2021-06-07T08:57:34.402755376Z,+1,Trade,1487,1,08:57:34.335000000,47------MP----
PRU.L,Market Price,2021-06-07T08:57:52.831481983Z,+1,Trade,1488.5,115,08:57:52.782215000,12-------PH---
PRU.L,Market Price,2021-06-07T08:57:52.831481983Z,+1,Trade,1488.5,115,08:57:52.782215000,12-------PH---
PRU.L,Market Price,2021-06-07T08:58:02.687127083Z,+1,Trade,1488.9949,91,08:58:02.160000000,45------MP----
PRU.L,Market Price,2021-06-07T08:58:11.462974109Z,+1,Trade,1488.5,350,08:58:11.413459000,12-------PH---
PRU.L,Market Price,2021-06-07T08:58:11.462974109Z,+1,Trade,1488.5,300,08:58:11.413459000,12-------PH---
PRU.L,Market Price,2021-06-07T08:58:11.462974109Z,+1,Trade,1488.5,191,08:58:11.413459000,12-------PH---
PRU.L,Market Price,2021-06-07T08:58:11.462974109Z,+1,Trade,1488.5,751,08:58:11.413459000,12-------PH---
PRU.L,Market Price,2021-06-07T08:58:11.479501074Z,+1,Trade,1488.5,136,08:58:11.431582000,12-------PH---
PRU.L,Market Price,2021-06-07T08:58:11.479501074Z,+1,Trade,1488.5,14,08:58:11.431678000,12-------PH---
PRU.L,Market Price,2021-06-07T08:58:11.787169900Z,+1,Trade,1488.5,132,08:58:11.739682000,12-------PH---
PRU.L,Market Price,2021-06-07T08:59:10.058784574Z,+1,Trade,1488.51,85,08:59:07.406000000,45------MP----
PRU.L,Market Price,2021-06-07T09:00:04.807173720Z,+1,Trade,1489,293,09:00:04.755894000,12-------PH---
PRU.L,Market Price,2021-06-07T09:00:04.807173720Z,+1,Trade,1489,350,09:00:04.755894000,12-------PH---
PRU.L,Market Price,2021-06-07T09:00:04.807173720Z,+1,Trade,1489,404,09:00:04.755894000,12-------PH---
PRU.L,Market Price,2021-06-07T09:00:04.807173720Z,+1,Trade,1489,165,09:00:04.755894000,12-------PH---
PRU.L,Market Price,2021-06-07T09:00:04.811714031Z,+1,Trade,1488.5,309,09:00:04.758094000,12-------PH---
PRU.L,Market Price,2021-06-07T09:00:04.811714031Z,+1,Trade,1488.5,50,09:00:04.758094000,12-------PH---
PRU.L,Market Price,2021-06-07T09:00:04.811714031Z,+1,Trade,1488.5,359,09:00:04.758361000,12-------PH---
PRU.L,Market Price,2021-06-07T09:00:04.811714031Z,+1,Trade,1488.5,41,09:00:04.758583000,12-------PH---
PRU.L,Market Price,2021-06-07T09:00:04.819626501Z,+1,Trade,1488,108,09:00:04.769776000,12-------PH---
PRU.L,Market Price,2021-06-07T09:00:04.819626501Z,+1,Trade,1488,92,09:00:04.769776000,12-------PH---
PRU.L,Market Price,2021-06-07T09:00:04.831564289Z,+1,Trade,1488.5,122,09:00:04.781867000,12-------PH---
PRU.L,Market Price,2021-06-07T09:00:04.831564289Z,+1,Trade,1488.5,122,09:00:04.781876000,12-------PH---
PRU.L,Market Price,2021-06-07T09:00:04.831564289Z,+1,Trade,1488.5,43,09:00:04.782037000,12-------PH---
PRU.L,Market Price,2021-06-07T09:00:04.834878683Z,+1,Trade,1488,18,09:00:04.785288000,12-------PH---
PRU.L,Market Price,2021-06-07T09:00:04.835542383Z,+1,Trade,1488,324,09:00:04.785288000,12-------PH---
PRU.L,Market Price,2021-06-07T09:00:04.835542383Z,+1,Trade,1488,115,09:00:04.785288000,12-------PH---
PRU.L,Market Price,2021-06-07T09:00:04.835542383Z,+1,Trade,1488,421,09:00:04.785288000,12-------PH---
PRU.L,Market Price,2021-06-07T09:00:07.062795179Z,+1,Trade,1488.5,12,09:00:07.012552000,12-------PH---
PRU.L,Market Price,2021-06-07T09:00:07.063749157Z,+1,Trade,1488.5,140,09:00:07.012552000,12-------PH---
PRU.L,Market Price,2021-06-07T09:00:08.455629511Z,+1,Trade,1488,331,09:00:08.407787000,12-------PH---
PRU.L,Market Price,2021-06-07T09:00:08.458868350Z,+1,Trade,1488,307,09:00:08.407787000,12-------PH---
PRU.L,Market Price,2021-06-07T09:00:08.458868350Z,+1,Trade,1488,122,09:00:08.407787000,12-------PH---
PRU.L,Market Price,2021-06-07T09:00:08.458868350Z,+1,Trade,1488,309,09:00:08.407787000,12-------PH---
PRU.L,Market Price,2021-06-07T09:00:08.458868350Z,+1,Trade,1488,138,09:00:08.407787000,12-------PH---
PRU.L,Market Price,2021-06-07T09:00:08.458868350Z,+1,Trade,1488,50,09:00:08.408742000,12-------PH---
PRU.L,Market Price,2021-06-07T09:00:08.458868350Z,+1,Trade,1488,659,09:00:08.408742000,12-------PH---
PRU.L,Market Price,2021-06-07T09:00:08.459583450Z,+1,Trade,1488,350,09:00:08.408742000,12-------PH---
PRU.L,Market Price,2021-06-07T09:00:08.459583450Z,+1,Trade,1488,818,09:00:08.409190000,12-------PH---
PRU.L,Market Price,2021-06-07T09:00:25.199024415Z,+1,Trade,1488,130,09:00:25.149823000,12-------PH---
PRU.L,Market Price,2021-06-07T09:00:25.199024415Z,+1,Trade,1488,33,09:00:25.149823000,12-------PH---
PRU.L,Market Price,2021-06-07T09:00:25.199024415Z,+1,Trade,1488,132,09:00:25.149996000,12-------PH---
PRU.L,Market Price,2021-06-07T09:00:44.927360911Z,+1,Trade,1487.5,244,09:00:44.877131000,12-------PH---
PRU.L,Market Price,2021-06-07T09:02:14.058890645Z,+1,Trade,1486.5,3,09:02:14.010839000,12-------PH---
PRU.L,Market Price,2021-06-07T09:02:14.070804979Z,+1,Trade,1486.5,300,09:02:14.022913000,12-------PH---
PRU.L,Market Price,2021-06-07T09:02:14.071660648Z,+1,Trade,1486.5,166,09:02:14.022913000,12-------PH---
PRU.L,Market Price,2021-06-07T09:02:14.103522153Z,+1,Trade,1486.25,199,09:02:14.043211000,45-1----MP----
PRU.L,Market Price,2021-06-07T09:02:14.159286275Z,+1,Trade,1486.5,148,09:02:14.109072000,12-------PH---
PRU.L,Market Price,2021-06-07T09:02:14.159286275Z,+1,Trade,1486.5,145,09:02:14.109072000,12-------PH---
PRU.L,Market Price,2021-06-07T09:05:02.783083136Z,+1,Trade,1486,388,09:05:02.733378000,12-------PH---
PRU.L,Market Price,2021-06-07T09:05:02.783083136Z,+1,Trade,1486,90,09:05:02.733378000,12-------PH---
PRU.L,Market Price,2021-06-07T09:05:02.783083136Z,+1,Trade,1486,312,09:05:02.733378000,12-------PH---
PRU.L,Market Price,2021-06-07T09:05:02.783083136Z,+1,Trade,1486,127,09:05:02.733378000,12-------PH---
PRU.L,Market Price,2021-06-07T09:05:02.783083136Z,+1,Trade,1486,74,09:05:02.734190000,12-------PH---
PRU.L,Market Price,2021-06-07T09:05:04.335630287Z,+1,Trade,1485.5,187,09:05:04.286166000,12-------PH---
PRU.L,Market Price,2021-06-07T09:05:04.335630287Z,+1,Trade,1485.5,129,09:05:04.286166000,12-------PH---
PRU.L,Market Price,2021-06-07T09:05:04.335630287Z,+1,Trade,1485.5,112,09:05:04.286166000,12-------PH---
PRU.L,Market Price,2021-06-07T09:05:04.335630287Z,+1,Trade,1485.5,390,09:05:04.286445000,12-------PH---
PRU.L,Market Price,2021-06-07T09:05:06.367692192Z,+1,Trade,1485.5,400,09:05:06.317468000,12-------PH---
PRU.L,Market Price,2021-06-07T09:05:06.371669950Z,+1,Trade,1485.5,146,09:05:06.321051000,12-------PH---
PRU.L,Market Price,2021-06-07T09:05:06.371669950Z,+1,Trade,1485.5,214,09:05:06.321186000,12-------PH---
PRU.L,Market Price,2021-06-07T09:05:06.371669950Z,+1,Trade,1485.5,2,09:05:06.321818000,12-------PH---
PRU.L,Market Price,2021-06-07T09:05:37.042966650Z,+1,Trade,1485.5,16,09:05:36.993825000,12-------PH---
PRU.L,Market Price,2021-06-07T09:05:37.042966650Z,+1,Trade,1485.5,237,09:05:36.993825000,12-------PH---
PRU.L,Market Price,2021-06-07T09:05:39.546926300Z,+1,Trade,1485,1,09:05:39.499186000,12-------PH---
PRU.L,Market Price,2021-06-07T09:07:03.459269698Z,+1,Trade,1484.5,2,09:07:03.410802000,12-------PH---
PRU.L,Market Price,2021-06-07T09:07:03.459269698Z,+1,Trade,1484.5,182,09:07:03.410802000,12-------PH---
PRU.L,Market Price,2021-06-07T09:07:03.462870277Z,+1,Trade,1484.5,403,09:07:03.410802000,12-------PH---
PRU.L,Market Price,2021-06-07T09:07:03.463254754Z,+1,Trade,1484.5,13,09:07:03.410802000,12-------PH---
PRU.L,Market Price,2021-06-07T09:08:02.794781081Z,+1,Trade,1483.5,232,09:08:02.745447000,12-------PH---
PRU.L,Market Price,2021-06-07T09:08:02.795641118Z,+1,Trade,1483.5,18,09:08:02.745586000,12-------PH---
PRU.L,Market Price,2021-06-07T09:08:11.055362537Z,+1,Trade,1483.245,144,09:08:09.190000000,45------MP----
PRU.L,Market Price,2021-06-07T09:09:00.635460453Z,+1,Trade,1483,1,09:09:00.588314000,12-------PH---
PRU.L,Market Price,2021-06-07T09:09:25.635625477Z,+1,Trade,1482.5,3,09:09:25.587890000,12-------PH---
PRU.L,Market Price,2021-06-07T09:09:25.635625477Z,+1,Trade,1482.5,251,09:09:25.587890000,12-------PH---
PRU.L,Market Price,2021-06-07T09:09:30.459423612Z,+1,Trade,1482.5,159,09:09:30.408319000,12-------PH---
PRU.L,Market Price,2021-06-07T09:09:30.459423612Z,+1,Trade,1482.5,191,09:09:30.408454000,12-------PH---
PRU.L,Market Price,2021-06-07T09:09:30.459423612Z,+1,Trade,1482.5,111,09:09:30.408454000,12-------PH---
PRU.L,Market Price,2021-06-07T09:09:30.459423612Z,+1,Trade,1482.5,76,09:09:30.408454000,12-------PH---
PRU.L,Market Price,2021-06-07T09:09:48.399613712Z,+1,Trade,1482.2498,50,09:09:47.212000000,45------MP----
PRU.L,Market Price,2021-06-07T09:10:07.402807584Z,+1,Trade,1481.549,2,09:10:06.492000000,45------MP----
PRU.L,Market Price,2021-06-07T09:11:02.514991458Z,+1,Trade,1481.7475,427,09:11:01.297000000,45------MP----
PRU.L,Market Price,2021-06-07T09:11:02.754959300Z,+1,Trade,1481.5,112,09:11:02.707330000,12-------PH---
PRU.L,Market Price,2021-06-07T09:11:02.754959300Z,+1,Trade,1481.5,28,09:11:02.707388000,12-------PH---
PRU.L,Market Price,2021-06-07T09:11:02.955063836Z,+1,Trade,1481.5,57,09:11:02.836395000,45-1----MP----
PRU.L,Market Price,2021-06-07T09:11:15.154944214Z,+1,Trade,1481,226,09:11:15.106470000,12-------PH---
PRU.L,Market Price,2021-06-07T09:11:15.154944214Z,+1,Trade,1481,83,09:11:15.106612000,12-------PH---
PRU.L,Market Price,2021-06-07T09:11:15.154944214Z,+1,Trade,1481,350,09:11:15.106612000,12-------PH---
PRU.L,Market Price,2021-06-07T09:11:15.154944214Z,+1,Trade,1481,138,09:11:15.106612000,12-------PH---
PRU.L,Market Price,2021-06-07T09:11:15.154944214Z,+1,Trade,1481,259,09:11:15.106612000,12-------PH---
PRU.L,Market Price,2021-06-07T09:11:31.411045052Z,+1,Trade,1481,210,09:11:31.361361000,12-------PH---
PRU.L,Market Price,2021-06-07T09:11:39.676798616Z,+1,Trade,1481,110,09:11:39.626264000,12-------PH---
PRU.L,Market Price,2021-06-07T09:11:39.676798616Z,+1,Trade,1481,350,09:11:39.626264000,12-------PH---
PRU.L,Market Price,2021-06-07T09:11:39.676798616Z,+1,Trade,1481,140,09:11:39.626264000,12-------PH---
PRU.L,Market Price,2021-06-07T09:11:39.676798616Z,+1,Trade,1481,8,09:11:39.626458000,12-------PH---
PRU.L,Market Price,2021-06-07T09:11:39.679725761Z,+1,Trade,1481,75,09:11:39.629613000,12-------PH---
PRU.L,Market Price,2021-06-07T09:13:43.159208983Z,+1,Trade,1481,186,09:13:43.108906000,12-------PH---
PRU.L,Market Price,2021-06-07T09:14:44.151257222Z,+1,Trade,1481,239,09:14:44.103704000,12-------PH---
PRU.L,Market Price,2021-06-07T09:14:44.151257222Z,+1,Trade,1481,163,09:14:44.103704000,12-------PH---
PRU.L,Market Price,2021-06-07T09:14:44.154939781Z,+1,Trade,1481,398,09:14:44.103704000,12-------PH---
PRU.L,Market Price,2021-06-07T09:14:44.154939781Z,+1,Trade,1481,125,09:14:44.103704000,12-------PH---
PRU.L,Market Price,2021-06-07T09:14:44.154939781Z,+1,Trade,1481,105,09:14:44.103704000,12-------PH---
PRU.L,Market Price,2021-06-07T09:14:44.154939781Z,+1,Trade,1481.5,163,09:14:44.104968000,12-------PH---
PRU.L,Market Price,2021-06-07T09:16:13.139300572Z,+1,Trade,1482.5,116,09:16:13.090736000,12-------PH---
PRU.L,Market Price,2021-06-07T09:16:13.139300572Z,+1,Trade,1482.5,350,09:16:13.090736000,12-------PH---
PRU.L,Market Price,2021-06-07T09:16:14.503301773Z,+1,Trade,1482.5,54,09:16:14.452697000,12-------PH---
PRU.L,Market Price,2021-06-07T09:16:19.491381122Z,+1,Trade,1482,159,09:16:19.443974000,12-------PH---
PRU.L,Market Price,2021-06-07T09:16:19.491381122Z,+1,Trade,1482,114,09:16:19.443974000,12-------PH---
PRU.L,Market Price,2021-06-07T09:16:19.539169127Z,+1,Trade,1482,55,09:16:19.473449000,45-1----MP----
PRU.L,Market Price,2021-06-07T09:16:19.634848598Z,+1,Trade,1482,3,09:16:19.446348000,47------MP----
PRU.L,Market Price,2021-06-07T09:16:41.138764180Z,+1,Trade,1481.5,121,09:16:41.092150000,12-------PH---
PRU.L,Market Price,2021-06-07T09:16:41.139268448Z,+1,Trade,1481.5,270,09:16:41.092150000,12-------PH---
PRU.L,Market Price,2021-06-07T09:17:05.527131431Z,+1,Trade,1481,1,09:17:05.479500000,12-------PH---
PRU.L,Market Price,2021-06-07T09:17:40.534770962Z,+1,Trade,1480.495,16,09:17:40.028000000,45------MP----
PRU.L,Market Price,2021-06-07T09:17:47.611291129Z,+1,Trade,1480,309,09:17:47.563626000,12-------PH---
PRU.L,Market Price,2021-06-07T09:17:47.611291129Z,+1,Trade,1480,982,09:17:47.563626000,12-------PH---
PRU.L,Market Price,2021-06-07T09:17:47.611291129Z,+1,Trade,1480,139,09:17:47.563626000,12-------P----
PRU.L,Market Price,2021-06-07T09:17:47.615279044Z,+1,Trade,1480,350,09:17:47.563626000,12-------PH---
PRU.L,Market Price,2021-06-07T09:17:47.615279044Z,+1,Trade,1480,138,09:17:47.563626000,12-------PH---
PRU.L,Market Price,2021-06-07T09:17:47.615279044Z,+1,Trade,1480,532,09:17:47.563626000,12-------PH---
PRU.L,Market Price,2021-06-07T09:18:05.542822071Z,+1,Trade,1480.51,336,09:18:04.675000000,45------MP----
PRU.L,Market Price,2021-06-07T09:19:32.531278582Z,+1,Trade,1480.51,155,09:19:30.481000000,45------MP----
PRU.L,Market Price,2021-06-07T09:21:12.711163117Z,+1,Trade,1481,2,09:21:12.661219000,12-------PH---
PRU.L,Market Price,2021-06-07T09:21:12.711163117Z,+1,Trade,1481,112,09:21:12.661219000,12-------PH---
PRU.L,Market Price,2021-06-07T09:21:52.414845008Z,+1,Trade,1480.49,315,09:21:50.701000000,45------MP----
PRU.L,Market Price,2021-06-07T09:22:49.298917833Z,+1,Trade,1480.49,157,09:22:46.795000000,45------MP----
PRU.L,Market Price,2021-06-07T09:22:49.302771671Z,+1,Trade,1480.49,171,09:22:47.399000000,45------MP----
PRU.L,Market Price,2021-06-07T09:23:49.411796156Z,+1,Trade,1480.5,163,09:23:49.362769000,12-------PH---
PRU.L,Market Price,2021-06-07T09:23:49.487421786Z,+1,Trade,1481,72,09:23:49.439298000,12-------PH---
PRU.L,Market Price,2021-06-07T09:23:49.487421786Z,+1,Trade,1481,217,09:23:49.439430000,12-------PH---
PRU.L,Market Price,2021-06-07T09:24:27.647721388Z,+1,Trade,1481.5,433,09:24:27.596039000,12-------PH---
PRU.L,Market Price,2021-06-07T09:24:27.647721388Z,+1,Trade,1481.5,246,09:24:27.596039000,12-------PH---
PRU.L,Market Price,2021-06-07T09:24:27.651690956Z,+1,Trade,1481.5,57,09:24:27.602586000,12-------PH---
PRU.L,Market Price,2021-06-07T09:24:47.874874706Z,+1,Trade,1481.49,108,09:24:46.073000000,45------MP----
PRU.L,Market Price,2021-06-07T09:27:36.070783353Z,+1,Trade,1481,264,09:27:36.020182000,12-------PH---
PRU.L,Market Price,2021-06-07T09:27:36.070954012Z,+1,Trade,1481,1262,09:27:36.020182000,12-------PH---
PRU.L,Market Price,2021-06-07T09:27:36.070954012Z,+1,Trade,1481,170,09:27:36.020182000,12-------PH---
PRU.L,Market Price,2021-06-07T09:27:36.070954012Z,+1,Trade,1481,315,09:27:36.020182000,12-------PH---
PRU.L,Market Price,2021-06-07T09:27:36.070954012Z,+1,Trade,1481,350,09:27:36.020182000,12-------PH---
PRU.L,Market Price,2021-06-07T09:27:36.675340283Z,+1,Trade,1481,350,09:27:36.626367000,12-------PH---
PRU.L,Market Price,2021-06-07T09:27:40.075357706Z,+1,Trade,1481,3,09:27:40.026460000,12-------PH---
PRU.L,Market Price,2021-06-07T09:27:40.075357706Z,+1,Trade,1481,155,09:27:40.026460000,12-------PH---
PRU.L,Market Price,2021-06-07T09:30:11.707184368Z,+1,Trade,1480.7765,700,09:30:11.180000000,45------MP----
PRU.L,Market Price,2021-06-07T09:31:01.055400595Z,+1,Trade,1481.5,417,09:31:01.007754000,12-------PH---
PRU.L,Market Price,2021-06-07T09:31:01.055400595Z,+1,Trade,1481.5,317,09:31:01.007754000,12-------PH---
PRU.L,Market Price,2021-06-07T09:31:01.059370052Z,+1,Trade,1481.5,151,09:31:01.007754000,12-------PH---
PRU.L,Market Price,2021-06-07T09:31:01.059370052Z,+1,Trade,1481.5,85,09:31:01.007754000,12-------PH---
PRU.L,Market Price,2021-06-07T09:31:01.059370052Z,+1,Trade,1481.5,31,09:31:01.007900000,12-------PH---
PRU.L,Market Price,2021-06-07T09:31:02.559775414Z,+1,Trade,1481.5,83,09:31:02.508531000,12-------PH---
PRU.L,Market Price,2021-06-07T09:32:00.158845875Z,+1,Trade,1482,350,09:32:00.111232000,12-------P----
PRU.L,Market Price,2021-06-07T09:32:00.355774573Z,+1,Trade,1482,119,09:32:00.305787000,12-------PH---
PRU.L,Market Price,2021-06-07T09:32:00.595718565Z,+1,Trade,1482.5,437,09:32:00.547445000,12-------PH---
PRU.L,Market Price,2021-06-07T09:33:43.814765491Z,+1,Trade,1483,156,09:33:43.765260000,12-------PH---
PRU.L,Market Price,2021-06-07T09:33:43.815288849Z,+1,Trade,1483,194,09:33:43.766141000,12-------PH---
PRU.L,Market Price,2021-06-07T09:33:44.023386166Z,+1,Trade,1482.5,2,09:33:43.955000000,47------MP----
PRU.L,Market Price,2021-06-07T09:36:04.179622225Z,+1,Trade,1483.5,350,09:36:04.132489000,12-------PH---
PRU.L,Market Price,2021-06-07T09:36:39.803050602Z,+1,Trade,1483.4949,62,09:36:38.685000000,45------MP----
PRU.L,Market Price,2021-06-07T09:37:02.915519064Z,+1,Trade,1483,243,09:37:02.868457000,12-------PH---
PRU.L,Market Price,2021-06-07T09:37:02.919489187Z,+1,Trade,1483,133,09:37:02.868457000,12-------PH---
PRU.L,Market Price,2021-06-07T09:37:02.919489187Z,+1,Trade,1483,18,09:37:02.868457000,12-------PH---
PRU.L,Market Price,2021-06-07T09:37:02.919489187Z,+1,Trade,1483,32,09:37:02.868457000,12-------PH---
PRU.L,Market Price,2021-06-07T09:37:02.919489187Z,+1,Trade,1483,22,09:37:02.868457000,12-------PH---
PRU.L,Market Price,2021-06-07T09:37:02.919489187Z,+1,Trade,1483,588,09:37:02.868568000,12-------PH---
PRU.L,Market Price,2021-06-07T09:37:47.047610576Z,+1,Trade,1482.755,200,09:37:45.664000000,45------MP----
PRU.L,Market Price,2021-06-07T09:37:49.819516835Z,+1,Trade,1482.5,1,09:37:49.770178000,12-------PH---
PRU.L,Market Price,2021-06-07T09:37:49.819516835Z,+1,Trade,1482.5,154,09:37:49.770315000,12-------PH---
PRU.L,Market Price,2021-06-07T09:37:49.819516835Z,+1,Trade,1482.5,593,09:37:49.770315000,12-------PH---
PRU.L,Market Price,2021-06-07T09:37:49.819516835Z,+1,Trade,1482.5,674,09:37:49.770315000,12-------PH---
PRU.L,Market Price,2021-06-07T09:37:49.819516835Z,+1,Trade,1482.5,300,09:37:49.770600000,12-------PH---
PRU.L,Market Price,2021-06-07T09:38:04.470825218Z,+1,Trade,1482.5,1,09:38:04.420773000,12-------PH---
PRU.L,Market Price,2021-06-07T09:38:04.471113807Z,+1,Trade,1482.5,342,09:38:04.420773000,12-------PH---
PRU.L,Market Price,2021-06-07T09:38:13.846931110Z,+1,Trade,1482.5051,1000,09:38:13.413000000,45------MP----
PRU.L,Market Price,2021-06-07T09:39:59.858777174Z,+1,Trade,1482.49,123,09:39:58.266000000,45------MP----
PRU.L,Market Price,2021-06-07T09:40:23.127031094Z,+1,Trade,1483,403,09:40:23.077198000,12-------PH---
PRU.L,Market Price,2021-06-07T09:40:23.127031094Z,+1,Trade,1483,147,09:40:23.077198000,12-------PH---
PRU.L,Market Price,2021-06-07T09:42:13.655309860Z,+1,Trade,1483,12,09:42:13.605586000,12-------PH---
PRU.L,Market Price,2021-06-07T09:42:13.655309860Z,+1,Trade,1483,340,09:42:13.605586000,12-------PH---
PRU.L,Market Price,2021-06-07T09:42:13.655309860Z,+1,Trade,1483,248,09:42:13.605586000,12-------PH---
PRU.L,Market Price,2021-06-07T09:42:15.667451444Z,+1,Trade,1483,507,09:42:15.618751000,12-------PH---
PRU.L,Market Price,2021-06-07T09:43:01.134826286Z,+1,Trade,1483.5,1,09:43:01.087985000,12-------PH---
PRU.L,Market Price,2021-06-07T09:43:01.135768257Z,+1,Trade,1483.5,350,09:43:01.087985000,12-------PH---
PRU.L,Market Price,2021-06-07T09:43:01.139684105Z,+1,Trade,1483.5,156,09:43:01.087985000,12-------PH---
PRU.L,Market Price,2021-06-07T09:43:01.139684105Z,+1,Trade,1483.5,82,09:43:01.087997000,12-------PH---
PRU.L,Market Price,2021-06-07T09:44:27.451493694Z,+1,Trade,1483.49,235,09:44:26.123000000,45------MP----
PRU.L,Market Price,2021-06-07T09:45:54.199398642Z,+1,Trade,1483,119,09:45:54.149633000,12-------PH---
PRU.L,Market Price,2021-06-07T09:45:54.199398642Z,+1,Trade,1483,327,09:45:54.149633000,12-------PH---
PRU.L,Market Price,2021-06-07T09:45:54.207373510Z,+1,Trade,1482.5,340,09:45:54.159120000,12-------PH---
PRU.L,Market Price,2021-06-07T09:45:54.207373510Z,+1,Trade,1482.5,138,09:45:54.159120000,12-------PH---
PRU.L,Market Price,2021-06-07T09:45:54.207373510Z,+1,Trade,1482.5,95,09:45:54.159120000,12-------PH---
PRU.L,Market Price,2021-06-07T09:45:54.538844621Z,+1,Trade,1483,1,09:45:54.164936000,47------MP----
PRU.L,Market Price,2021-06-07T09:48:48.739608551Z,+1,Trade,1482.5,391,09:48:48.689320000,12-------PH---
PRU.L,Market Price,2021-06-07T09:51:02.762869786Z,+1,Trade,14.83875,1042,09:51:02.652000000,45------MP----
PRU.L,Market Price,2021-06-07T09:51:12.115661335Z,+1,Trade,1483.745,85,09:51:10.094000000,45------MP----
PRU.L,Market Price,2021-06-07T09:51:16.083249777Z,+1,Trade,1483.5,5,09:51:16.035641000,12-------PH---
PRU.L,Market Price,2021-06-07T09:51:16.083249777Z,+1,Trade,1483.5,561,09:51:16.035641000,12-------PH---
PRU.L,Market Price,2021-06-07T09:51:16.438848515Z,+1,Trade,1483.5,47,09:51:16.389732000,12-------PH---
PRU.L,Market Price,2021-06-07T09:51:22.286932607Z,+1,Trade,1483.5,21,09:51:22.239251000,12-------PH---
PRU.L,Market Price,2021-06-07T09:51:22.286932607Z,+1,Trade,1483.5,75,09:51:22.239251000,12-------PH---
PRU.L,Market Price,2021-06-07T09:51:22.286932607Z,+1,Trade,1483.5,347,09:51:22.240257000,12-------PH---
PRU.L,Market Price,2021-06-07T09:52:30.606967997Z,+1,Trade,1483,400,09:52:30.557373000,12-------PH---
PRU.L,Market Price,2021-06-07T09:52:30.606967997Z,+1,Trade,1483,428,09:52:30.557373000,12-------PH---
PRU.L,Market Price,2021-06-07T09:52:30.606967997Z,+1,Trade,1483,433,09:52:30.557373000,12-------PH---
PRU.L,Market Price,2021-06-07T09:52:30.606967997Z,+1,Trade,1483,321,09:52:30.557373000,12-------PH---
PRU.L,Market Price,2021-06-07T09:52:30.606967997Z,+1,Trade,1483,138,09:52:30.557373000,12-------PH---
PRU.L,Market Price,2021-06-07T09:52:48.126794302Z,+1,Trade,1482.5,136,09:52:48.078480000,12-------PH---
PRU.L,Market Price,2021-06-07T09:55:51.578833149Z,+1,Trade,1482.7475,263,09:55:51.114000000,45------MP----
PRU.L,Market Price,2021-06-07T09:56:10.627199704Z,+1,Trade,1482.5,139,09:56:10.579480000,12-------PH---
PRU.L,Market Price,2021-06-07T09:56:10.627199704Z,+1,Trade,1482.5,136,09:56:10.579480000,12-------PH---
PRU.L,Market Price,2021-06-07T09:56:10.631169607Z,+1,Trade,1482.5,57,09:56:10.579480000,12-------PH---
PRU.L,Market Price,2021-06-07T09:57:03.670799489Z,+1,Trade,1482,20,09:57:02.000000000,45------MP----
PRU.L,Market Price,2021-06-07T09:58:02.879018898Z,+1,Trade,1482,27,09:58:02.831201000,12-------PH---
PRU.L,Market Price,2021-06-07T09:58:02.879018898Z,+1,Trade,1482,212,09:58:02.831201000,12-------PH---
PRU.L,Market Price,2021-06-07T09:58:07.719688678Z,+1,Trade,1482,73,09:58:07.669461000,12-------PH---
PRU.L,Market Price,2021-06-07T09:58:11.371672246Z,+1,Trade,1482,1,09:58:11.323480000,12-------PH---
PRU.L,Market Price,2021-06-07T09:59:35.191390641Z,+1,Trade,1482,28,09:59:35.140433000,12-------PH---
PRU.L,Market Price,2021-06-07T09:59:44.122841800Z,+1,Trade,1482.5,2000,09:59:42.768886000,45------MP----
PRU.L,Market Price,2021-06-07T10:00:31.494760671Z,+1,Trade,14.82375,1150,10:00:31.384000000,45------MP----
PRU.L,Market Price,2021-06-07T10:01:15.863150930Z,+1,Trade,1482.5,260,10:01:15.816302000,12-------PH---
PRU.L,Market Price,2021-06-07T10:03:40.090782097Z,+1,Trade,1481.99,38,10:03:39.573000000,45------MP----
PRU.L,Market Price,2021-06-07T10:03:50.571459335Z,+1,Trade,1481.5,333,10:03:50.521442000,12-------PH---
PRU.L,Market Price,2021-06-07T10:03:50.571459335Z,+1,Trade,1481.5,165,10:03:50.521442000,12-------PH---
PRU.L,Market Price,2021-06-07T10:03:50.571459335Z,+1,Trade,1481.5,130,10:03:50.521442000,12-------PH---
PRU.L,Market Price,2021-06-07T10:03:50.571459335Z,+1,Trade,1481.5,7,10:03:50.521442000,12-------PH---
PRU.L,Market Price,2021-06-07T10:04:38.635235538Z,+1,Trade,1481.5,2,10:04:38.585129000,12-------PH---
PRU.L,Market Price,2021-06-07T10:04:38.635235538Z,+1,Trade,1481.5,167,10:04:38.585129000,12-------PH---
PRU.L,Market Price,2021-06-07T10:04:38.635235538Z,+1,Trade,1481.5,124,10:04:38.585129000,12-------PH---
PRU.L,Market Price,2021-06-07T10:04:56.494890894Z,+1,Trade,1481.5,3,10:04:56.444570000,12-------PH---
PRU.L,Market Price,2021-06-07T10:04:56.494890894Z,+1,Trade,1481.5,2,10:04:56.444725000,12-------PH---
PRU.L,Market Price,2021-06-07T10:04:56.494890894Z,+1,Trade,1481.5,4,10:04:56.445143000,12-------PH---
PRU.L,Market Price,2021-06-07T10:04:56.494890894Z,+1,Trade,1481.5,1,10:04:56.445563000,12-------PH---
PRU.L,Market Price,2021-06-07T10:04:56.494890894Z,+1,Trade,1481.5,6,10:04:56.446106000,12-------PH---
PRU.L,Market Price,2021-06-07T10:05:03.211283272Z,+1,Trade,1482,550,10:05:03.161076000,12-------PH---
PRU.L,Market Price,2021-06-07T10:05:03.211283272Z,+1,Trade,1482,157,10:05:03.161076000,12-------PH---
PRU.L,Market Price,2021-06-07T10:05:03.211283272Z,+1,Trade,1482,456,10:05:03.161076000,12-------PH---
PRU.L,Market Price,2021-06-07T10:05:13.511093043Z,+1,Trade,1482.5,41,10:05:13.463546000,12-------PH---
PRU.L,Market Price,2021-06-07T10:05:13.511093043Z,+1,Trade,1482.5,11,10:05:13.463546000,12-------PH---
PRU.L,Market Price,2021-06-07T10:05:13.559798670Z,+1,Trade,1482.5,61,10:05:13.508182000,12-------PH---
PRU.L,Market Price,2021-06-07T10:05:13.559798670Z,+1,Trade,1482.5,68,10:05:13.508182000,12-------PH---
PRU.L,Market Price,2021-06-07T10:05:23.727200249Z,+1,Trade,1482.5,149,10:05:23.679680000,12-------PH---
PRU.L,Market Price,2021-06-07T10:05:23.727200249Z,+1,Trade,1482.5,300,10:05:23.679680000,12-------P----
PRU.L,Market Price,2021-06-07T10:05:23.731182171Z,+1,Trade,1482.5,200,10:05:23.679680000,12-------P----
PRU.L,Market Price,2021-06-07T10:05:26.171403265Z,+1,Trade,1482.5,147,10:05:26.121879000,12-------PH---
PRU.L,Market Price,2021-06-07T10:05:26.171403265Z,+1,Trade,1482.5,18,10:05:26.121879000,12-------PH---
PRU.L,Market Price,2021-06-07T10:05:26.651349177Z,+1,Trade,1482.5,1,10:05:26.131937000,47------MP----
PRU.L,Market Price,2021-06-07T10:05:47.987594467Z,+1,Trade,1482.4111,475,10:05:47.047960000,45------MP----
PRU.L,Market Price,2021-06-07T10:06:08.483558093Z,+1,Trade,1482.5,168,10:06:08.435278000,12-------PH---
PRU.L,Market Price,2021-06-07T10:06:08.483558093Z,+1,Trade,1482.5,432,10:06:08.435278000,12-------PH---
PRU.L,Market Price,2021-06-07T10:06:09.891362198Z,+1,Trade,1482.245,310,10:06:08.000000000,45------MP----
PRU.L,Market Price,2021-06-07T10:06:11.463453578Z,+1,Trade,1482,350,10:06:11.415934000,12-------PH---
PRU.L,Market Price,2021-06-07T10:06:11.463453578Z,+1,Trade,1482,124,10:06:11.415934000,12-------PH---
PRU.L,Market Price,2021-06-07T10:06:11.466805979Z,+1,Trade,1482,255,10:06:11.415934000,12-------PH---
PRU.L,Market Price,2021-06-07T10:06:11.466954276Z,+1,Trade,1482,755,10:06:11.415934000,12-------PH---
PRU.L,Market Price,2021-06-07T10:06:11.466954276Z,+1,Trade,1482,309,10:06:11.415934000,12-------PH---
PRU.L,Market Price,2021-06-07T10:06:11.466954276Z,+1,Trade,1482,138,10:06:11.415934000,12-------PH---
PRU.L,Market Price,2021-06-07T10:06:11.466954276Z,+1,Trade,1482,145,10:06:11.415934000,12-------PH---
PRU.L,Market Price,2021-06-07T10:06:11.466954276Z,+1,Trade,1482,353,10:06:11.415934000,12-------PH---
PRU.L,Market Price,2021-06-07T10:06:11.466954276Z,+1,Trade,1482,216,10:06:11.415934000,12-------PH---
PRU.L,Market Price,2021-06-07T10:06:11.830914654Z,+1,Trade,1482,1,10:06:11.424490000,47------MP----
PRU.L,Market Price,2021-06-07T10:07:20.447337858Z,+1,Trade,1482,350,10:07:20.398691000,12-------PH---
PRU.L,Market Price,2021-06-07T10:07:20.447337858Z,+1,Trade,1482,391,10:07:20.398691000,12-------PH---
PRU.L,Market Price,2021-06-07T10:07:20.447337858Z,+1,Trade,1482,392,10:07:20.398691000,12-------PH---
PRU.L,Market Price,2021-06-07T10:08:03.066781389Z,+1,Trade,1482,11,10:08:03.018797000,12-------PH---
PRU.L,Market Price,2021-06-07T10:08:04.647208728Z,+1,Trade,1482,41,10:08:04.597356000,12-------PH---
PRU.L,Market Price,2021-06-07T10:08:10.602793670Z,+1,Trade,1482,154,10:08:10.551652000,12-------PH---
PRU.L,Market Price,2021-06-07T10:08:10.603027437Z,+1,Trade,1482,66,10:08:10.551789000,12-------PH---
PRU.L,Market Price,2021-06-07T10:08:10.603027437Z,+1,Trade,1482,142,10:08:10.551789000,12-------PH---
PRU.L,Market Price,2021-06-07T10:08:18.722836814Z,+1,Trade,1481.9949,15,10:08:18.026000000,45------MP----
PRU.L,Market Price,2021-06-07T10:10:27.054772932Z,+1,Trade,1482.5,452,10:10:27.006577000,12-------PH---
PRU.L,Market Price,2021-06-07T10:10:27.055482939Z,+1,Trade,1482.5,1,10:10:27.006595000,12-------PH---
PRU.L,Market Price,2021-06-07T10:10:27.055482939Z,+1,Trade,1482.5,161,10:10:27.006595000,12-------PH---
PRU.L,Market Price,2021-06-07T10:10:50.591135798Z,+1,Trade,1482.5,1,10:10:50.543347000,12-------PH---
PRU.L,Market Price,2021-06-07T10:10:50.591135798Z,+1,Trade,1482.5,140,10:10:50.543347000,12-------PH---
PRU.L,Market Price,2021-06-07T10:11:23.275534092Z,+1,Trade,1481.745,8,10:11:21.555000000,45------MP----
PRU.L,Market Price,2021-06-07T10:13:46.075151324Z,+1,Trade,1481.4196,932,10:13:45.197515000,45------MP----
PRU.L,Market Price,2021-06-07T10:13:54.292050395Z,+1,Trade,1481.5,932,10:13:53.986415000,47------MP----
PRU.L,Market Price,2021-06-07T10:14:50.559866414Z,+1,Trade,1481,254,10:14:50.510712000,12-------PH---
PRU.L,Market Price,2021-06-07T10:14:50.559866414Z,+1,Trade,1481,250,10:14:50.510712000,12-------PH---
PRU.L,Market Price,2021-06-07T10:14:50.827612961Z,+1,Trade,1480.5,1,10:14:50.757000000,47------MP----
PRU.L,Market Price,2021-06-07T10:15:42.547489415Z,+1,Trade,1480.5,191,10:15:42.498339000,12-------PH---
PRU.L,Market Price,2021-06-07T10:15:42.547489415Z,+1,Trade,1480.5,137,10:15:42.498339000,12-------PH---
PRU.L,Market Price,2021-06-07T10:15:42.547489415Z,+1,Trade,1480.5,350,10:15:42.498339000,12-------PH---
PRU.L,Market Price,2021-06-07T10:15:42.550965543Z,+1,Trade,1480.5,340,10:15:42.498339000,12-------PH---
PRU.L,Market Price,2021-06-07T10:15:42.550965543Z,+1,Trade,1480,350,10:15:42.498339000,12-------PH---
PRU.L,Market Price,2021-06-07T10:15:42.550965543Z,+1,Trade,1480,318,10:15:42.498339000,12-------PH---
PRU.L,Market Price,2021-06-07T10:15:42.550965543Z,+1,Trade,1480,650,10:15:42.498339000,12-------PH---
PRU.L,Market Price,2021-06-07T10:15:42.550965543Z,+1,Trade,1480,119,10:15:42.498339000,12-------PH---
PRU.L,Market Price,2021-06-07T10:15:42.550965543Z,+1,Trade,1480,863,10:15:42.498339000,12-------PH---
PRU.L,Market Price,2021-06-07T10:15:42.550965543Z,+1,Trade,1480,253,10:15:42.498339000,12-------PH---
PRU.L,Market Price,2021-06-07T10:15:42.550965543Z,+1,Trade,1480,138,10:15:42.498339000,12-------PH---
PRU.L,Market Price,2021-06-07T10:15:42.551467747Z,+1,Trade,1480,153,10:15:42.498339000,12-------PH---
PRU.L,Market Price,2021-06-07T10:15:44.399308760Z,+1,Trade,1479.5,276,10:15:44.350162000,12-------PH---
PRU.L,Market Price,2021-06-07T10:15:44.399308760Z,+1,Trade,1479.5,398,10:15:44.350162000,12-------PH---
PRU.L,Market Price,2021-06-07T10:16:05.318791728Z,+1,Trade,1479.4949,600,10:16:04.571000000,45------MP----
PRU.L,Market Price,2021-06-07T10:16:47.434817735Z,+1,Trade,1479.49,22,10:16:46.580000000,45------MP----
PRU.L,Market Price,2021-06-07T10:17:41.339485015Z,+1,Trade,1479.4949,92,10:17:39.877000000,45------MP----
PRU.L,Market Price,2021-06-07T10:20:48.878954853Z,+1,Trade,1480,350,10:20:48.829208000,12-------PH---
PRU.L,Market Price,2021-06-07T10:20:48.878954853Z,+1,Trade,1480,1,10:20:48.829208000,12-------PH---
PRU.L,Market Price,2021-06-07T10:20:48.878954853Z,+1,Trade,1480,412,10:20:48.829208000,12-------PH---
PRU.L,Market Price,2021-06-07T10:20:48.878954853Z,+1,Trade,1480,148,10:20:48.829208000,12-------PH---
PRU.L,Market Price,2021-06-07T10:20:48.878954853Z,+1,Trade,1480,58,10:20:48.829208000,12-------PH---
PRU.L,Market Price,2021-06-07T10:20:48.878954853Z,+1,Trade,1480,272,10:20:48.829470000,12-------PH---
PRU.L,Market Price,2021-06-07T10:20:48.883521501Z,+1,Trade,1480.5,350,10:20:48.832161000,12-------PH---
PRU.L,Market Price,2021-06-07T10:20:48.883521501Z,+1,Trade,1480.5,407,10:20:48.832161000,12-------PH---
PRU.L,Market Price,2021-06-07T10:20:48.939332243Z,+1,Trade,1480.5,225,10:20:48.889357000,12-------PH---
PRU.L,Market Price,2021-06-07T10:21:07.379305741Z,+1,Trade,1480.2793,1450,10:21:06.880000000,45------MP----
PRU.L,Market Price,2021-06-07T10:22:32.787104919Z,+1,Trade,1480.49,136,10:22:30.889000000,45------MP----
PRU.L,Market Price,2021-06-07T10:23:28.455553977Z,+1,Trade,1481,10,10:23:28.407957000,12-------PH---
PRU.L,Market Price,2021-06-07T10:24:34.626830491Z,+1,Trade,1482,139,10:24:34.267043000,47------MP----
PRU.L,Market Price,2021-06-07T10:24:44.130982711Z,+1,Trade,1482.01,170,10:24:42.779000000,45------MP----
PRU.L,Market Price,2021-06-07T10:24:52.214778924Z,+1,Trade,1482.01,195,10:24:50.383000000,45------MP----
PRU.L,Market Price,2021-06-07T10:27:13.962751445Z,+1,Trade,14.825,716,10:27:13.832000000,47------MP----
PRU.L,Market Price,2021-06-07T10:27:59.263711648Z,+1,Trade,1481.5,2,10:27:59.212670000,12-------PH---
PRU.L,Market Price,2021-06-07T10:27:59.263711648Z,+1,Trade,1481,120,10:27:59.213306000,12-------P----
PRU.L,Market Price,2021-06-07T10:27:59.263711648Z,+1,Trade,1481,102,10:27:59.213306000,12-------PH---
PRU.L,Market Price,2021-06-07T10:28:08.236266671Z,+1,Trade,1481.013,1659,10:28:07.958358000,45------MP----
PRU.L,Market Price,2021-06-07T10:28:26.479161474Z,+1,Trade,1481.466,732,10:28:25.419000000,45------MP----
PRU.L,Market Price,2021-06-07T10:28:32.327560087Z,+1,Trade,1481.5,392,10:28:32.277375000,12-------PH---
PRU.L,Market Price,2021-06-07T10:28:32.391244417Z,+1,Trade,1482,350,10:28:32.341234000,12-------PH---
PRU.L,Market Price,2021-06-07T10:29:59.511385279Z,+1,Trade,1482.1757,885,10:29:58.205000000,45------MP----
PRU.L,Market Price,2021-06-07T10:31:17.498829566Z,+1,Trade,1481.9949,98,10:31:16.488000000,45------MP----
PRU.L,Market Price,2021-06-07T10:34:27.546860506Z,+1,Trade,1482.0051,1476,10:34:26.615000000,45------MP----
PRU.L,Market Price,2021-06-07T10:38:28.155699982Z,+1,Trade,1482,149,10:38:28.107173000,12-------PH---
PRU.L,Market Price,2021-06-07T10:38:28.155699982Z,+1,Trade,1482,350,10:38:28.107173000,12-------PH---
PRU.L,Market Price,2021-06-07T10:38:28.155699982Z,+1,Trade,1481.5,324,10:38:28.107649000,12-------PH---
PRU.L,Market Price,2021-06-07T10:38:28.155699982Z,+1,Trade,1481.5,755,10:38:28.107649000,12-------PH---
PRU.L,Market Price,2021-06-07T10:38:28.158999496Z,+1,Trade,1482,291,10:38:28.107992000,12-------PH---
PRU.L,Market Price,2021-06-07T10:38:28.158999496Z,+1,Trade,1482,126,10:38:28.107992000,12-------PH---
PRU.L,Market Price,2021-06-07T10:38:28.158999496Z,+1,Trade,1481,500,10:38:28.108288000,12-------PH---
PRU.L,Market Price,2021-06-07T10:38:28.158999496Z,+1,Trade,1481,309,10:38:28.108288000,12-------PH---
PRU.L,Market Price,2021-06-07T10:38:28.158999496Z,+1,Trade,1481,138,10:38:28.108288000,12-------PH---
PRU.L,Market Price,2021-06-07T10:38:28.158999496Z,+1,Trade,1481,780,10:38:28.108288000,12-------PH---
PRU.L,Market Price,2021-06-07T10:38:29.123520712Z,+1,Trade,1481,350,10:38:29.074991000,12-------PH---
PRU.L,Market Price,2021-06-07T10:38:29.123520712Z,+1,Trade,1481,268,10:38:29.074991000,12-------PH---
PRU.L,Market Price,2021-06-07T10:38:45.543370556Z,+1,Trade,1481.5,451,10:38:45.492674000,12-------PH---
PRU.L,Market Price,2021-06-07T10:38:45.543370556Z,+1,Trade,1481.5,145,10:38:45.494220000,12-------PH---
PRU.L,Market Price,2021-06-07T10:38:52.579483164Z,+1,Trade,1481.5,41,10:38:52.530545000,12-------PH---
PRU.L,Market Price,2021-06-07T10:38:52.579483164Z,+1,Trade,1481.5,119,10:38:52.530545000,12-------PH---
PRU.L,Market Price,2021-06-07T10:39:01.563020589Z,+1,Trade,1481,193,10:39:01.514565000,12-------PH---
PRU.L,Market Price,2021-06-07T10:39:01.563020589Z,+1,Trade,1481,142,10:39:01.514565000,12-------PH---
PRU.L,Market Price,2021-06-07T10:39:01.563020589Z,+1,Trade,1481,86,10:39:01.514565000,12-------PH---
PRU.L,Market Price,2021-06-07T10:39:01.563020589Z,+1,Trade,1481,687,10:39:01.514804000,12-------PH---
PRU.L,Market Price,2021-06-07T10:39:01.563020589Z,+1,Trade,1481,421,10:39:01.514827000,12-------PH---
PRU.L,Market Price,2021-06-07T10:39:46.898804413Z,+1,Trade,1480.5,61,10:39:44.854000000,45------MP----
PRU.L,Market Price,2021-06-07T10:40:06.038776197Z,+1,Trade,1480.99,250,10:40:04.873000000,45------MP----
PRU.L,Market Price,2021-06-07T10:40:46.819495497Z,+1,Trade,1481.5,342,10:40:46.768211000,12-------PH---
PRU.L,Market Price,2021-06-07T10:40:46.819495497Z,+1,Trade,1481.5,64,10:40:46.768211000,12-------PH---
PRU.L,Market Price,2021-06-07T10:40:46.819495497Z,+1,Trade,1481.5,64,10:40:46.768211000,12-------PH---
PRU.L,Market Price,2021-06-07T10:40:46.819495497Z,+1,Trade,1481.5,13,10:40:46.768963000,12-------PH---
PRU.L,Market Price,2021-06-07T10:40:46.823047435Z,+1,Trade,1481.5,180,10:40:46.768963000,12-------PH---
PRU.L,Market Price,2021-06-07T10:40:46.823047435Z,+1,Trade,1481.5,413,10:40:46.768963000,12-------PH---
PRU.L,Market Price,2021-06-07T10:40:46.823047435Z,+1,Trade,1481.5,293,10:40:46.768963000,12-------PH---
PRU.L,Market Price,2021-06-07T10:40:46.823047435Z,+1,Trade,1481,327,10:40:46.770093000,12-------PH---
PRU.L,Market Price,2021-06-07T10:40:46.823047435Z,+1,Trade,1481,69,10:40:46.770365000,12-------PH---
PRU.L,Market Price,2021-06-07T10:40:46.823047435Z,+1,Trade,1481,166,10:40:46.770365000,12-------PH---
PRU.L,Market Price,2021-06-07T10:40:46.823047435Z,+1,Trade,1481,92,10:40:46.770365000,12-------PH---
PRU.L,Market Price,2021-06-07T10:40:46.823047435Z,+1,Trade,1481,235,10:40:46.770641000,12-------PH---
PRU.L,Market Price,2021-06-07T10:40:46.823047435Z,+1,Trade,1481,673,10:40:46.770702000,12-------PH---
PRU.L,Market Price,2021-06-07T10:40:46.823047435Z,+1,Trade,1481,67,10:40:46.770702000,12-------PH---
PRU.L,Market Price,2021-06-07T10:40:46.823047435Z,+1,Trade,1481,208,10:40:46.770749000,12-------PH---
PRU.L,Market Price,2021-06-07T10:41:00.639765087Z,+1,Trade,1480.75,23,10:41:00.582487000,45-1----MP----
PRU.L,Market Price,2021-06-07T10:42:51.095493689Z,+1,Trade,1480.745,300,10:42:48.759000000,45------MP----
PRU.L,Market Price,2021-06-07T10:42:51.151252300Z,+1,Trade,1481,2,10:42:51.103047000,12-------PH---
PRU.L,Market Price,2021-06-07T10:43:07.747359547Z,+1,Trade,1481,67,10:43:07.699364000,12-------PH---
PRU.L,Market Price,2021-06-07T10:43:07.747359547Z,+1,Trade,1481,898,10:43:07.699364000,12-------PH---
PRU.L,Market Price,2021-06-07T10:43:07.747359547Z,+1,Trade,1481,150,10:43:07.699364000,12-------PH---
PRU.L,Market Price,2021-06-07T10:43:07.751345225Z,+1,Trade,1481,858,10:43:07.699364000,12-------PH---
PRU.L,Market Price,2021-06-07T10:43:07.751345225Z,+1,Trade,1481,155,10:43:07.699364000,12-------PH---
PRU.L,Market Price,2021-06-07T10:43:09.559401376Z,+1,Trade,1481,200,10:43:09.509797000,12-------PH---
PRU.L,Market Price,2021-06-07T10:43:23.347002504Z,+1,Trade,1480.99,350,10:43:21.805000000,45------MP----
PRU.L,Market Price,2021-06-07T10:43:24.394800334Z,+1,Trade,1481.4111,495,10:43:23.539469000,45------MP----
PRU.L,Market Price,2021-06-07T10:43:32.422979429Z,+1,Trade,1480.99,374,10:43:30.709000000,45------MP----
PRU.L,Market Price,2021-06-07T10:43:45.955555313Z,+1,Trade,1481,192,10:43:45.907524000,12-------PH---
PRU.L,Market Price,2021-06-07T10:43:45.959527481Z,+1,Trade,1481,8,10:43:45.908490000,12-------PH---
PRU.L,Market Price,2021-06-07T10:43:46.058772552Z,+1,Trade,1481,66,10:43:46.009533000,12-------PH---
PRU.L,Market Price,2021-06-07T10:43:46.059069711Z,+1,Trade,1481,34,10:43:46.010421000,12-------PH---
PRU.L,Market Price,2021-06-07T10:43:49.514860613Z,+1,Trade,1481,200,10:43:49.467856000,12-------PH---
PRU.L,Market Price,2021-06-07T10:44:02.158806088Z,+1,Trade,1480.7424,645,10:44:01.378000000,45------MP----
PRU.L,Market Price,2021-06-07T10:44:38.438805481Z,+1,Trade,1480.5,120,10:44:38.388731000,12-------PH---
PRU.L,Market Price,2021-06-07T10:44:38.438961419Z,+1,Trade,1480.5,163,10:44:38.388731000,12-------PH---
PRU.L,Market Price,2021-06-07T10:44:38.438961419Z,+1,Trade,1480.5,264,10:44:38.388731000,12-------PH---
PRU.L,Market Price,2021-06-07T10:44:38.438961419Z,+1,Trade,1480.5,19,10:44:38.388731000,12-------PH---
PRU.L,Market Price,2021-06-07T10:44:38.438961419Z,+1,Trade,1480.5,755,10:44:38.388731000,12-------PH---
PRU.L,Market Price,2021-06-07T10:44:52.687398154Z,+1,Trade,1480.5,70,10:44:52.638747000,12-------PH---
PRU.L,Market Price,2021-06-07T10:44:52.687398154Z,+1,Trade,1480.5,350,10:44:52.638747000,12-------PH---
PRU.L,Market Price,2021-06-07T10:44:52.687398154Z,+1,Trade,1480.5,217,10:44:52.638747000,12-------P----
PRU.L,Market Price,2021-06-07T10:44:52.894862451Z,+1,Trade,1480.5,2,10:44:52.642031000,47------MP----
PRU.L,Market Price,2021-06-07T10:46:22.199092938Z,+1,Trade,1480,294,10:46:22.148915000,12-------P----
PRU.L,Market Price,2021-06-07T10:46:22.199092938Z,+1,Trade,1480,311,10:46:22.148915000,12-------P----
PRU.L,Market Price,2021-06-07T10:46:22.199092938Z,+1,Trade,1480,269,10:46:22.148915000,12-------PH---
PRU.L,Market Price,2021-06-07T10:46:25.938794105Z,+1,Trade,1480,370,10:46:25.889158000,12-------PH---
PRU.L,Market Price,2021-06-07T10:46:25.939643936Z,+1,Trade,1480,333,10:46:25.889158000,12-------PH---
PRU.L,Market Price,2021-06-07T10:47:45.675278249Z,+1,Trade,1479.99,122,10:47:44.235000000,45------MP----
PRU.L,Market Price,2021-06-07T10:49:33.378945049Z,+1,Trade,1480,32,10:49:33.328185000,12-------PH---
PRU.L,Market Price,2021-06-07T10:49:33.378945049Z,+1,Trade,1480,400,10:49:33.328310000,12-------PH---
PRU.L,Market Price,2021-06-07T10:49:33.378945049Z,+1,Trade,1480,32,10:49:33.328310000,12D------PH---
PRU.L,Market Price,2021-06-07T10:49:33.378945049Z,+1,Trade,1480,432,10:49:33.328315000,12-------PH---
PRU.L,Market Price,2021-06-07T10:49:33.378945049Z,+1,Trade,1480,432,10:49:33.328319000,12-------PH---
PRU.L,Market Price,2021-06-07T10:49:33.378945049Z,+1,Trade,1480,21,10:49:33.328323000,12-------PH---
PRU.L,Market Price,2021-06-07T10:49:33.379097878Z,+1,Trade,1480,371,10:49:33.328802000,12-------PH---
PRU.L,Market Price,2021-06-07T10:49:33.379097878Z,+1,Trade,1480,410,10:49:33.329321000,12-------PH---
PRU.L,Market Price,2021-06-07T10:49:33.379097878Z,+1,Trade,1480,166,10:49:33.329339000,12-------PH---
PRU.L,Market Price,2021-06-07T10:50:11.935715564Z,+1,Trade,1480.5,192,10:50:11.887575000,12-------PH---
PRU.L,Market Price,2021-06-07T10:50:11.935715564Z,+1,Trade,1480,163,10:50:11.888255000,12-------PH---
PRU.L,Market Price,2021-06-07T10:50:11.938900256Z,+1,Trade,1480,166,10:50:11.888255000,12-------PH---
